<marc:collection xmlns:marc="http://www.loc.gov/MARC21/slim">
	<marc:record>
		<marc:leader>02101cam a2200349 a 4500</marc:leader>
		<marc:controlfield tag="001">18494145</marc:controlfield>
		<marc:controlfield tag="005">20150713160618.0</marc:controlfield>
		<marc:controlfield tag="008">150214r20121992nyu           000 1 eng d</marc:controlfield>
		<marc:datafield tag="010" ind1=" " ind2=" ">
			<marc:subfield code="a">  2013557450</marc:subfield>
		</marc:datafield>
		<marc:datafield tag="020" ind1=" " ind2=" ">
			<marc:subfield code="a">9780765334527 (pbk.)</marc:subfield>
		</marc:datafield>
		<marc:datafield tag="020" ind1=" " ind2=" ">
			<marc:subfield code="a">0765334526 (pbk.)</marc:subfield>
		</marc:datafield>
		<marc:datafield tag="035" ind1=" " ind2=" ">
			<marc:subfield code="a">(OCoLC)ocn812848098</marc:subfield>
		</marc:datafield>
		<marc:datafield tag="040" ind1=" " ind2=" ">
			<marc:subfield code="a">ZGR</marc:subfield>
			<marc:subfield code="b">eng</marc:subfield>
			<marc:subfield code="c">ZGR</marc:subfield>
			<marc:subfield code="d">OCLCQ</marc:subfield>
			<marc:subfield code="d">YDXCP</marc:subfield>
			<marc:subfield code="d">BTCTA</marc:subfield>
			<marc:subfield code="d">BDX</marc:subfield>
			<marc:subfield code="d">BWX</marc:subfield>
			<marc:subfield code="d">OCLCA</marc:subfield>
			<marc:subfield code="d">OCLCF</marc:subfield>
			<marc:subfield code="d">OJ4</marc:subfield>
			<marc:subfield code="d">OCLCQ</marc:subfield>
			<marc:subfield code="d">DLC</marc:subfield>
		</marc:datafield>
		<marc:datafield tag="042" ind1=" " ind2=" ">
			<marc:subfield code="a">lccopycat</marc:subfield>
		</marc:datafield>
		<marc:datafield tag="050" ind1="0" ind2="0">
			<marc:subfield code="a">PS648.F3</marc:subfield>
			<marc:subfield code="b">A46 2012</marc:subfield>
		</marc:datafield>
		<marc:datafield tag="082" ind1="0" ind2="4">
			<marc:subfield code="a">813/.0876608</marc:subfield>
			<marc:subfield code="2">23</marc:subfield>
		</marc:datafield>
		<marc:datafield tag="245" ind1="0" ind2="0">
			<marc:subfield code="a">After the King :</marc:subfield>
			<marc:subfield code="b">stories in honor of J.R.R. Tolkien /</marc:subfield>
			<marc:subfield code="c">edited by Martin H. Greenberg ; introduction by Jane Yolen.</marc:subfield>
		</marc:datafield>
		<marc:datafield tag="250" ind1=" " ind2=" ">
			<marc:subfield code="a">3rd trade pbk. ed.</marc:subfield>
		</marc:datafield>
		<marc:datafield tag="260" ind1=" " ind2=" ">
			<marc:subfield code="a">New York :</marc:subfield>
			<marc:subfield code="b">Tor,</marc:subfield>
			<marc:subfield code="c">2012, [1992]</marc:subfield>
		</marc:datafield>
		<marc:datafield tag="300" ind1=" " ind2=" ">
			<marc:subfield code="a">ix, 438 pages ;</marc:subfield>
			<marc:subfield code="c">24 cm</marc:subfield>
		</marc:datafield>
		<marc:datafield tag="336" ind1=" " ind2=" ">
			<marc:subfield code="a">text</marc:subfield>
			<marc:subfield code="b">txt</marc:subfield>
			<marc:subfield code="2">rdacontent</marc:subfield>
		</marc:datafield>
		<marc:datafield tag="337" ind1=" " ind2=" ">
			<marc:subfield code="a">unmediated</marc:subfield>
			<marc:subfield code="b">n</marc:subfield>
			<marc:subfield code="2">rdamedia</marc:subfield>
		</marc:datafield>
		<marc:datafield tag="338" ind1=" " ind2=" ">
			<marc:subfield code="a">volume</marc:subfield>
			<marc:subfield code="b">nc</marc:subfield>
			<marc:subfield code="2">rdacarrier</marc:subfield>
		</marc:datafield>
		<marc:datafield tag="380" ind1=" " ind2=" ">
			<marc:subfield code="a">Fiction</marc:subfield>
		</marc:datafield>
		<marc:datafield tag="500" ind1=" " ind2=" ">
			<marc:subfield code="a">Originally published: New York : T. Doherty Associates, 1992.</marc:subfield>
		</marc:datafield>
		<marc:datafield tag="500" ind1=" " ind2=" ">
			<marc:subfield code="a">"A Tom Doherty Associates book."</marc:subfield>
		</marc:datafield>
		<marc:datafield tag="505" ind1="0" ind2="0">
			<marc:subfield code="t">Reave the Just /</marc:subfield>
			<marc:subfield code="r">Stephen R. Donaldson --</marc:subfield>
			<marc:subfield code="t">Troll bridge /</marc:subfield>
			<marc:subfield code="r">Terry Pratchett --</marc:subfield>
			<marc:subfield code="t">Long night's vigil at the temple /</marc:subfield>
			<marc:subfield code="r">Robert Silverberg --</marc:subfield>
			<marc:subfield code="t">Dragon of Tollin /</marc:subfield>
			<marc:subfield code="r">Elizabeth Ann Scarborough --</marc:subfield>
			<marc:subfield code="t">Faith /</marc:subfield>
			<marc:subfield code="r">Poul and Karen Anderson --</marc:subfield>
			<marc:subfield code="t">In the season of the dressing of the wells /</marc:subfield>
			<marc:subfield code="r">John Brunner --</marc:subfield>
			<marc:subfield code="t">Fellowship of the dragon /</marc:subfield>
			<marc:subfield code="r">Patricia A. McKillip --</marc:subfield>
			<marc:subfield code="t">Decoy duck /</marc:subfield>
			<marc:subfield code="r">Harry Turtledove --</marc:subfield>
			<marc:subfield code="t">Nine threads of gold /</marc:subfield>
			<marc:subfield code="r">Andre Norton --</marc:subfield>
			<marc:subfield code="t">Conjure man /</marc:subfield>
			<marc:subfield code="r">Charles de Lint --</marc:subfield>
			<marc:subfield code="t">Halfling house /</marc:subfield>
			<marc:subfield code="r">Dennis L. McKiernan --</marc:subfield>
			<marc:subfield code="t">Silver or gold /</marc:subfield>
			<marc:subfield code="r">Emma Bull --</marc:subfield>
			<marc:subfield code="t">Up the side of the air /</marc:subfield>
			<marc:subfield code="r">Karen Haber --</marc:subfield>
			<marc:subfield code="t">Naga /</marc:subfield>
			<marc:subfield code="r">Peter S. Beagle --</marc:subfield>
			<marc:subfield code="t">Revolt of the sugar plum fairies /</marc:subfield>
			<marc:subfield code="r">Mike Resnick --</marc:subfield>
			<marc:subfield code="t">Winter's king /</marc:subfield>
			<marc:subfield code="r">Jane Yolen --</marc:subfield>
			<marc:subfield code="t">Götterdämmerung /</marc:subfield>
			<marc:subfield code="r">Barry N. Malzberg --</marc:subfield>
			<marc:subfield code="t">Down the river road /</marc:subfield>
			<marc:subfield code="r">Gregory Benford --</marc:subfield>
			<marc:subfield code="t">Death and the lady /</marc:subfield>
			<marc:subfield code="r">Judith Tarr.</marc:subfield>
		</marc:datafield>
		<marc:datafield tag="655" ind1=" " ind2="0">
			<marc:subfield code="a">Fantastisk</marc:subfield>
		</marc:datafield>
		<marc:datafield tag="655" ind1=" " ind2=" ">
			<marc:subfield code="a">Tekstsamling</marc:subfield>
		</marc:datafield>
		<marc:datafield tag="700" ind1="1" ind2=" ">
			<marc:subfield code="a">Greenberg, Martin Harry.</marc:subfield>
			<marc:subfield code="4">edt</marc:subfield>
			<marc:subfield code="0">https://viaf.org/viaf/108898602</marc:subfield>
		</marc:datafield>
		<marc:datafield tag="700" ind1="1" ind2=" ">
			<marc:subfield code="a">Tolkien, J. R. R.</marc:subfield>
			<marc:subfield code="q">(John Ronald Reuel),</marc:subfield>
			<marc:subfield code="d">1892-1973.</marc:subfield>
			<marc:subfield code="4">hnr</marc:subfield>
			<marc:subfield code="0">https://viaf.org/viaf/95218067</marc:subfield>
		</marc:datafield>
		<marc:datafield tag="700" ind1="1" ind2=" ">
			<marc:subfield code="a">Yolen, Jane.</marc:subfield>
			<marc:subfield code="4">win</marc:subfield>
			<marc:subfield code="0">https://viaf.org/viaf/119320611</marc:subfield>
		</marc:datafield>
	</marc:record>