
	<marc:record>
		<marc:leader>00905cam a2200241u  4500</marc:leader>
		<marc:controlfield tag="001">6571300</marc:controlfield>
		<marc:controlfield tag="005">20161028113738.0</marc:controlfield>
		<marc:controlfield tag="008">810427s1962    enk           000 0 eng  </marc:controlfield>
		<marc:datafield tag="035" ind1=" " ind2=" ">
			<marc:subfield code="9">(DLC)   63002235</marc:subfield>
		</marc:datafield>
		<marc:datafield tag="010" ind1=" " ind2=" ">
			<marc:subfield code="a">   63002235 </marc:subfield>
		</marc:datafield>
		<marc:datafield tag="040" ind1=" " ind2=" ">
			<marc:subfield code="a">DLC</marc:subfield>
			<marc:subfield code="c">CarP</marc:subfield>
			<marc:subfield code="d">DLC</marc:subfield>
		</marc:datafield>
		<marc:datafield tag="050" ind1="0" ind2="0">
			<marc:subfield code="a">PR1119</marc:subfield>
			<marc:subfield code="b">.A2 no. 249</marc:subfield>
		</marc:datafield>
		<marc:datafield tag="130" ind1="0" ind2=" ">
			<marc:subfield code="a">Ancren riwle.</marc:subfield>
			<marc:subfield code="0">http://viaf.org/viaf/181438848</marc:subfield>
		</marc:datafield>
		<marc:datafield tag="245" ind1="1" ind2="0">
			<marc:subfield code="a">Ancrene wisse;</marc:subfield>
			<marc:subfield code="b">the English text of the Ancrene riwle,</marc:subfield>
		</marc:datafield>
		<marc:datafield tag="260" ind1=" " ind2=" ">
			<marc:subfield code="a">London,</marc:subfield>
			<marc:subfield code="a">New York,</marc:subfield>
			<marc:subfield code="b">Published by the Oxford University Press,</marc:subfield>
			<marc:subfield code="c">1962.</marc:subfield>
		</marc:datafield>
		<marc:datafield tag="300" ind1=" " ind2=" ">
			<marc:subfield code="a">xviii, 222 p. ; 22 cm.</marc:subfield>
		</marc:datafield>
		<marc:datafield tag="336" ind1=" " ind2=" ">
			<marc:subfield code="a">text</marc:subfield>
			<marc:subfield code="b">txt</marc:subfield>
			<marc:subfield code="2">rdacontent</marc:subfield>
		</marc:datafield>
		<marc:datafield tag="337" ind1=" " ind2=" ">
			<marc:subfield code="a">unmediated</marc:subfield>
			<marc:subfield code="b">n</marc:subfield>
			<marc:subfield code="2">rdamedia</marc:subfield>
		</marc:datafield>
		<marc:datafield tag="338" ind1=" " ind2=" ">
			<marc:subfield code="a">volume</marc:subfield>
			<marc:subfield code="b">nc</marc:subfield>
			<marc:subfield code="2">rdacarrier</marc:subfield>
		</marc:datafield>
		<marc:datafield tag="650" ind1=" " ind2="0">
			<marc:subfield code="a">Monastikk</marc:subfield>
		</marc:datafield>
		<marc:datafield tag="650" ind1=" " ind2="0">
			<marc:subfield code="a">Religiøse ordre</marc:subfield>
		</marc:datafield>
		<marc:datafield tag="700" ind1="1" ind2=" ">
			<marc:subfield code="a">Tolkien, J. R. R.</marc:subfield>
			<marc:subfield code="q">(John Ronald Reuel),</marc:subfield>
			<marc:subfield code="d">1892-1973.</marc:subfield>
			<marc:subfield code="4">wpr</marc:subfield>
			<marc:subfield code="0">https://viaf.org/viaf/95218067</marc:subfield>
		</marc:datafield>
		<marc:datafield tag="810" ind1="2" ind2=" ">
			<marc:subfield code="a">Early English Text Society.</marc:subfield>
			<marc:subfield code="t">Publications.</marc:subfield>
			<marc:subfield code="t">Original series,</marc:subfield>
			<marc:subfield code="v">no. 249. [from old catalog]</marc:subfield>
		</marc:datafield>
	</marc:record>