
	<marc:record>
		<marc:leader>01664cam a22003371  4500</marc:leader>
		<marc:controlfield tag="001">8786601</marc:controlfield>
		<marc:controlfield tag="005">20050908105054.0</marc:controlfield>
		<marc:controlfield tag="008">790105s1940    enk           000 0 eng  </marc:controlfield>
		<marc:datafield tag="035" ind1=" " ind2=" ">
			<marc:subfield code="9">(DLC)   41012836</marc:subfield>
		</marc:datafield>
		<marc:datafield tag="010" ind1=" " ind2=" ">
			<marc:subfield code="a">   41012836 </marc:subfield>
		</marc:datafield>
		<marc:datafield tag="035" ind1=" " ind2=" ">
			<marc:subfield code="a">(OCoLC)4525599</marc:subfield>
		</marc:datafield>
		<marc:datafield tag="040" ind1=" " ind2=" ">
			<marc:subfield code="a">DLC</marc:subfield>
			<marc:subfield code="c">OCl</marc:subfield>
			<marc:subfield code="d">OCoLC</marc:subfield>
			<marc:subfield code="d">NSbSU</marc:subfield>
			<marc:subfield code="d">DLC</marc:subfield>
		</marc:datafield>
		<marc:datafield tag="041" ind1="1" ind2=" ">
			<marc:subfield code="a">eng</marc:subfield>
			<marc:subfield code="h">ang</marc:subfield>
		</marc:datafield>
		<marc:datafield tag="050" ind1="0" ind2="0">
			<marc:subfield code="a">PR1583</marc:subfield>
			<marc:subfield code="b">.H3 1940</marc:subfield>
		</marc:datafield>
		<marc:datafield tag="082" ind1=" " ind2=" ">
			<marc:subfield code="a">829.3</marc:subfield>
		</marc:datafield>
		<marc:datafield tag="130" ind1="0" ind2=" ">
			<marc:subfield code="a">Beowulf.</marc:subfield>
			<marc:subfield code="l">English.</marc:subfield>
			<marc:subfield code="0">http://viaf.org/viaf/316753795</marc:subfield>
		</marc:datafield>
		<marc:datafield tag="245" ind1="1" ind2="0">
			<marc:subfield code="a">Beowulf and the Finnesburg fragment;</marc:subfield>
			<marc:subfield code="b">a translation into modern English prose,</marc:subfield>
			<marc:subfield code="c">by John R. Clark Hall.</marc:subfield>
		</marc:datafield>
		<marc:datafield tag="250" ind1=" " ind2=" ">
			<marc:subfield code="a">New ed., completely rev.,</marc:subfield>
			<marc:subfield code="b">with notes and an introduction by C. L. Wrenn; with prefatory remarks by J. R. R. Tolkien.</marc:subfield>
		</marc:datafield>
		<marc:datafield tag="260" ind1=" " ind2=" ">
			<marc:subfield code="a">London,</marc:subfield>
			<marc:subfield code="b">G. Allen &amp; Unwin ltd</marc:subfield>
			<marc:subfield code="c">[1940]</marc:subfield>
		</marc:datafield>
		<marc:datafield tag="300" ind1=" " ind2=" ">
			<marc:subfield code="a">xli, [11]-187, [1] p.</marc:subfield>
			<marc:subfield code="c">20 cm.</marc:subfield>
		</marc:datafield>
		<marc:datafield tag="336" ind1=" " ind2=" ">
			<marc:subfield code="a">text</marc:subfield>
			<marc:subfield code="b">txt</marc:subfield>
			<marc:subfield code="2">rdacontent</marc:subfield>
		</marc:datafield>
		<marc:datafield tag="337" ind1=" " ind2=" ">
			<marc:subfield code="a">unmediated</marc:subfield>
			<marc:subfield code="b">n</marc:subfield>
			<marc:subfield code="2">rdamedia</marc:subfield>
		</marc:datafield>
		<marc:datafield tag="338" ind1=" " ind2=" ">
			<marc:subfield code="a">volume</marc:subfield>
			<marc:subfield code="b">nc</marc:subfield>
			<marc:subfield code="2">rdacarrier</marc:subfield>
		</marc:datafield>
		<marc:datafield tag="500" ind1=" " ind2=" ">
			<marc:subfield code="a">"The text translated is that of Fr. Klaeber, in his Beowulf and The fight at Finnsburg, third edition revised (D. C. Heath &amp; co., 1936)."--p. [181]</marc:subfield>
		</marc:datafield>
		<marc:datafield tag="655" ind1=" " ind2="0">
			<marc:subfield code="a">Episk</marc:subfield>
		</marc:datafield>
		<marc:datafield tag="700" ind1="1" ind2=" ">
			<marc:subfield code="a">Hall, J. R. Clark</marc:subfield>
			<marc:subfield code="q">(John R. Clark),</marc:subfield>
			<marc:subfield code="d">1855-</marc:subfield>
			<marc:subfield code="e">ed. and tr.</marc:subfield>
			<marc:subfield code="4">edt</marc:subfield>
			<marc:subfield code="0">https://viaf.org/viaf/109072689</marc:subfield>
		</marc:datafield>
		<marc:datafield tag="700" ind1="1" ind2=" ">
			<marc:subfield code="a">Hall, J. R. Clark</marc:subfield>
			<marc:subfield code="q">(John R. Clark),</marc:subfield>
			<marc:subfield code="d">1855-</marc:subfield>
			<marc:subfield code="e">ed. and tr.</marc:subfield>
			<marc:subfield code="4">trl</marc:subfield>
			<marc:subfield code="0">https://viaf.org/viaf/109072689</marc:subfield>
		</marc:datafield>
		<marc:datafield tag="700" ind1="1" ind2=" ">
			<marc:subfield code="a">Klaeber, Fr.</marc:subfield>
			<marc:subfield code="q">(Friedrich),</marc:subfield>
			<marc:subfield code="d">1863-1954.</marc:subfield>
			<marc:subfield code="4">att</marc:subfield>
			<marc:subfield code="0">https://viaf.org/viaf/109640920</marc:subfield>
		</marc:datafield>
		<marc:datafield tag="700" ind1="1" ind2=" ">
			<marc:subfield code="a">Wrenn, C. L.</marc:subfield>
			<marc:subfield code="q">(Charles Leslie),</marc:subfield>
			<marc:subfield code="d">1895-1969.</marc:subfield>
			<marc:subfield code="4">win</marc:subfield>
			<marc:subfield code="0">https://viaf.org/viaf/8558058</marc:subfield>
		</marc:datafield>
		<marc:datafield tag="700" ind1="1" ind2=" ">
			<marc:subfield code="a">Tolkien, J. R. R.</marc:subfield>
			<marc:subfield code="q">(John Ronald Reuel),</marc:subfield>
			<marc:subfield code="d">1892-1973</marc:subfield>
			<marc:subfield code="4">wpr</marc:subfield>
			<marc:subfield code="0">https://viaf.org/viaf/95218067</marc:subfield>
		</marc:datafield>
		<marc:datafield tag="730" ind1="0" ind2="2">
			<marc:subfield code="a">Fight at Finnesburg (Anglo-Saxon poem).</marc:subfield>
			<marc:subfield code="l">English.</marc:subfield>
		</marc:datafield>
	</marc:record>