
	<marc:record>
		<marc:leader>00788cam a2200253 a 4500</marc:leader>
		<marc:controlfield tag="001">2337448</marc:controlfield>
		<marc:controlfield tag="005">20110520163909.0</marc:controlfield>
		<marc:controlfield tag="008">851018s1978    onca          000 0 eng  </marc:controlfield>
		<marc:datafield tag="035" ind1=" " ind2=" ">
			<marc:subfield code="9">(DLC)   82132951</marc:subfield>
		</marc:datafield>
		<marc:datafield tag="010" ind1=" " ind2=" ">
			<marc:subfield code="a">   82132951 </marc:subfield>
		</marc:datafield>
		<marc:datafield tag="015" ind1=" " ind2=" ">
			<marc:subfield code="a">C***</marc:subfield>
		</marc:datafield>
		<marc:datafield tag="020" ind1=" " ind2=" ">
			<marc:subfield code="a">045893870X</marc:subfield>
		</marc:datafield>
		<marc:datafield tag="040" ind1=" " ind2=" ">
			<marc:subfield code="a">DLC</marc:subfield>
			<marc:subfield code="c">DLC</marc:subfield>
			<marc:subfield code="d">DLC</marc:subfield>
		</marc:datafield>
		<marc:datafield tag="050" ind1="0" ind2="0">
			<marc:subfield code="a">PN1997.L725</marc:subfield>
			<marc:subfield code="b">F5 1978</marc:subfield>
		</marc:datafield>
		<marc:datafield tag="082" ind1="0" ind2="0">
			<marc:subfield code="a">791.43/72</marc:subfield>
			<marc:subfield code="2">19</marc:subfield>
		</marc:datafield>
		<marc:datafield tag="245" ind1="0" ind2="4">
			<marc:subfield code="a">The Filmbook of J.R.R. Tolkien's The Lord of the rings.</marc:subfield>
		</marc:datafield>
		<marc:datafield tag="250" ind1=" " ind2=" ">
			<marc:subfield code="a">1st Methuen ed.</marc:subfield>
		</marc:datafield>
		<marc:datafield tag="260" ind1=" " ind2=" ">
			<marc:subfield code="a">Toronto :</marc:subfield>
			<marc:subfield code="b">Methuen,</marc:subfield>
			<marc:subfield code="c">1978.</marc:subfield>
		</marc:datafield>
		<marc:datafield tag="300" ind1=" " ind2=" ">
			<marc:subfield code="a">76 p. :</marc:subfield>
			<marc:subfield code="b">col. ill. ;</marc:subfield>
			<marc:subfield code="c">23 x 27 cm.</marc:subfield>
		</marc:datafield>
		<marc:datafield tag="336" ind1=" " ind2=" ">
			<marc:subfield code="a">text</marc:subfield>
			<marc:subfield code="b">txt</marc:subfield>
			<marc:subfield code="2">rdacontent</marc:subfield>
		</marc:datafield>
		<marc:datafield tag="337" ind1=" " ind2=" ">
			<marc:subfield code="a">unmediated</marc:subfield>
			<marc:subfield code="b">n</marc:subfield>
			<marc:subfield code="2">rdamedia</marc:subfield>
		</marc:datafield>
		<marc:datafield tag="338" ind1=" " ind2=" ">
			<marc:subfield code="a">volume</marc:subfield>
			<marc:subfield code="b">nc</marc:subfield>
			<marc:subfield code="2">rdacarrier</marc:subfield>
		</marc:datafield>
		<marc:datafield tag="630" ind1="0" ind2="0">
			<marc:subfield code="a">Lord of the rings (Motion picture)</marc:subfield>
		</marc:datafield>
		<marc:datafield tag="700" ind1="1" ind2="2">
			<marc:subfield code="a">Tolkien, J. R. R.</marc:subfield>
			<marc:subfield code="q">(John Ronald Reuel),</marc:subfield>
			<marc:subfield code="d">1892-1973.</marc:subfield>
			<marc:subfield code="t">Lord of the rings.</marc:subfield>
			<marc:subfield code="0">https://viaf.org/viaf/184093601</marc:subfield>
		</marc:datafield>
	</marc:record>