
	<marc:record>
		<marc:leader>01471cam a2200349 a 4500</marc:leader>
		<marc:controlfield tag="001">17833625</marc:controlfield>
		<marc:controlfield tag="005">20160617070057.0</marc:controlfield>
		<marc:controlfield tag="008">130801r20122012mauab         000 0 eng d</marc:controlfield>
		<marc:datafield tag="010" ind1=" " ind2=" ">
			<marc:subfield code="a">  2013363137</marc:subfield>
		</marc:datafield>
		<marc:datafield tag="020" ind1=" " ind2=" ">
			<marc:subfield code="a">9780547898711</marc:subfield>
		</marc:datafield>
		<marc:datafield tag="020" ind1=" " ind2=" ">
			<marc:subfield code="a">0547898711</marc:subfield>
		</marc:datafield>
		<marc:datafield tag="035" ind1=" " ind2=" ">
			<marc:subfield code="a">(OCoLC)ocn818354591</marc:subfield>
		</marc:datafield>
		<marc:datafield tag="040" ind1=" " ind2=" ">
			<marc:subfield code="a">IMF</marc:subfield>
			<marc:subfield code="c">IMF</marc:subfield>
			<marc:subfield code="d">IMF</marc:subfield>
			<marc:subfield code="d">OCLCO</marc:subfield>
			<marc:subfield code="d">BTCTA</marc:subfield>
			<marc:subfield code="d">BDX</marc:subfield>
			<marc:subfield code="d">DLC</marc:subfield>
		</marc:datafield>
		<marc:datafield tag="042" ind1=" " ind2=" ">
			<marc:subfield code="a">lccopycat</marc:subfield>
		</marc:datafield>
		<marc:datafield tag="050" ind1="0" ind2="0">
			<marc:subfield code="a">MLCM 2016/42078 (GV)</marc:subfield>
		</marc:datafield>
		<marc:datafield tag="245" ind1="0" ind2="4">
			<marc:subfield code="a">The hobbit :</marc:subfield>
			<marc:subfield code="b">an unexpected journey : activity book.</marc:subfield>
		</marc:datafield>
		<marc:datafield tag="250" ind1=" " ind2=" ">
			<marc:subfield code="a">1st U.S. ed.</marc:subfield>
		</marc:datafield>
		<marc:datafield tag="260" ind1=" " ind2=" ">
			<marc:subfield code="a">Boston :</marc:subfield>
			<marc:subfield code="b">Houghton Mifflin Harcourt,</marc:subfield>
			<marc:subfield code="c">2012.</marc:subfield>
		</marc:datafield>
		<marc:datafield tag="300" ind1=" " ind2=" ">
			<marc:subfield code="a">61 p. :</marc:subfield>
			<marc:subfield code="b">ill. (chiefly col.), col. maps ;</marc:subfield>
			<marc:subfield code="c">29 cm.</marc:subfield>
		</marc:datafield>
		<marc:datafield tag="336" ind1=" " ind2=" ">
			<marc:subfield code="a">text</marc:subfield>
			<marc:subfield code="b">txt</marc:subfield>
			<marc:subfield code="2">rdacontent</marc:subfield>
		</marc:datafield>
		<marc:datafield tag="337" ind1=" " ind2=" ">
			<marc:subfield code="a">unmediated</marc:subfield>
			<marc:subfield code="b">n</marc:subfield>
			<marc:subfield code="2">rdamedia</marc:subfield>
		</marc:datafield>
		<marc:datafield tag="338" ind1=" " ind2=" ">
			<marc:subfield code="a">volume</marc:subfield>
			<marc:subfield code="b">nc</marc:subfield>
			<marc:subfield code="2">rdacarrier</marc:subfield>
		</marc:datafield>
		<marc:datafield tag="521" ind1="1" ind2=" ">
			<marc:subfield code="a">Ages 8 and up.</marc:subfield>
		</marc:datafield>
		<marc:datafield tag="520" ind1=" " ind2=" ">
			<marc:subfield code="a">"Packed with stunning photos, facts, and activities from the brilliant new movie.  Join Bilbo Baggins on his unexpected journey across the wilds of Middle-earth with Gandalf the wizard and a company of thirteen Dwarves!"--Cover back." --P. 4 of cover.</marc:subfield>
		</marc:datafield>
		<marc:datafield tag="500" ind1=" " ind2=" ">
			<marc:subfield code="a">Originally published: London : HarperCollins, 2012.</marc:subfield>
		</marc:datafield>
		<marc:datafield tag="630" ind1="0" ind2="0">
			<marc:subfield code="a">Hobbit, an unexpected journey (Motion picture)</marc:subfield>
		</marc:datafield>
		<marc:datafield tag="600" ind1="1" ind2="0">
			<marc:subfield code="a">Baggins, Bilbo</marc:subfield>
		</marc:datafield>
		<marc:datafield tag="600" ind1="1" ind2="0">
			<marc:subfield code="a">Tolkien, J. R. R.</marc:subfield>
			<marc:subfield code="q">(John Ronald Reuel),</marc:subfield>
			<marc:subfield code="d">1892-1973.</marc:subfield>
			<marc:subfield code="t">Hobbit</marc:subfield>
			<marc:subfield code="x">Characters.</marc:subfield>
		</marc:datafield>
		<marc:datafield tag="650" ind1=" " ind2="0">
			<marc:subfield code="a">Middle Earth (fiktiv verden)</marc:subfield>
		</marc:datafield>
		<marc:datafield tag="655" ind1=" " ind2=" ">
			<marc:subfield code="a">Fantastisk</marc:subfield>
		</marc:datafield>
		<marc:datafield tag="700" ind1="1" ind2=" ">
			<marc:subfield code="a">Tolkien, J. R. R.</marc:subfield>
			<marc:subfield code="q">(John Ronald Reuel),</marc:subfield>
			<marc:subfield code="d">1892-1973.</marc:subfield>
			<marc:subfield code="t">Hobbit.</marc:subfield>
			<marc:subfield code="0">http://viaf.org/viaf/309569545</marc:subfield>
		</marc:datafield>
		<marc:datafield tag="730" ind1="0" ind2=" ">
			<marc:subfield code="a">Hobbit, an unexpected journey (Motion picture)</marc:subfield>
		</marc:datafield>
	</marc:record>