
	<marc:record>
		<marc:leader>04939cgm a22006737a 4500</marc:leader>
		<marc:controlfield tag="001">20621593</marc:controlfield>
		<marc:controlfield tag="005">20180808141215.0</marc:controlfield>
		<marc:controlfield tag="007">mr cdaafqnarp|||c------</marc:controlfield>
		<marc:controlfield tag="008">180808s2014    xxu144            mleng  </marc:controlfield>
		<marc:datafield tag="010" ind1=" " ind2=" ">
			<marc:subfield code="a">  2018601504</marc:subfield>
		</marc:datafield>
		<marc:datafield tag="017" ind1=" " ind2=" ">
			<marc:subfield code="a">PA0001925414</marc:subfield>
			<marc:subfield code="b">U.S. Copyright Office</marc:subfield>
		</marc:datafield>
		<marc:datafield tag="040" ind1=" " ind2=" ">
			<marc:subfield code="a">DLC</marc:subfield>
			<marc:subfield code="c">DLC</marc:subfield>
			<marc:subfield code="e">amim</marc:subfield>
		</marc:datafield>
		<marc:datafield tag="044" ind1=" " ind2=" ">
			<marc:subfield code="a">xxu</marc:subfield>
			<marc:subfield code="a">nz</marc:subfield>
		</marc:datafield>
		<marc:datafield tag="050" ind1="0" ind2="0">
			<marc:subfield code="a">CGF 4678-4685 (viewing print)</marc:subfield>
		</marc:datafield>
		<marc:datafield tag="130" ind1="0" ind2=" ">
			<marc:subfield code="a">Hobbit, the battle of the five armies (Motion picture)</marc:subfield>
			<marc:subfield code="0">https://www.imdb.com/title/tt2310332</marc:subfield>
		</marc:datafield>
		<marc:datafield tag="245" ind1="1" ind2="4">
			<marc:subfield code="a">The hobbit, the battle of the five armies /</marc:subfield>
			<marc:subfield code="c">a New Line Cinema and Metro-Goldwyn-Mayer pictures presentation of a Wingnut Films production ; directed by Peter Jackson ; produced by Carolynne Cunningham, Zane Weiner, Fran Walsh, Peter Jackson ; screenplay by Fran Walsh &amp; Philippa Boyens &amp; Peter Jackson &amp; Guillermo del Toro.</marc:subfield>
		</marc:datafield>
		<marc:datafield tag="246" ind1="3" ind2=" ">
			<marc:subfield code="a">Battle of the five armies</marc:subfield>
		</marc:datafield>
		<marc:datafield tag="246" ind1="1" ind2=" ">
			<marc:subfield code="i">Variant title:</marc:subfield>
			<marc:subfield code="a">Hobbit, the battle of the 5 armies</marc:subfield>
		</marc:datafield>
		<marc:datafield tag="246" ind1="1" ind2=" ">
			<marc:subfield code="i">Variant title:</marc:subfield>
			<marc:subfield code="a">Battle of the 5 armies</marc:subfield>
		</marc:datafield>
		<marc:datafield tag="246" ind1="1" ind2=" ">
			<marc:subfield code="i">Variant title:</marc:subfield>
			<marc:subfield code="a">Hobbit 3</marc:subfield>
		</marc:datafield>
		<marc:datafield tag="246" ind1="1" ind2=" ">
			<marc:subfield code="i">Variant title:</marc:subfield>
			<marc:subfield code="a">Hobbit three</marc:subfield>
		</marc:datafield>
		<marc:datafield tag="257" ind1=" " ind2=" ">
			<marc:subfield code="a">United States ; New Zealand.</marc:subfield>
		</marc:datafield>
		<marc:datafield tag="260" ind1=" " ind2=" ">
			<marc:subfield code="a">United States :</marc:subfield>
			<marc:subfield code="b">Warner Bros.,</marc:subfield>
			<marc:subfield code="c">2014.</marc:subfield>
		</marc:datafield>
		<marc:datafield tag="300" ind1=" " ind2=" ">
			<marc:subfield code="3">viewing print</marc:subfield>
			<marc:subfield code="a">16 film reels of 16 on 8 (144 min., 12,960 ft.) :</marc:subfield>
			<marc:subfield code="b">anamorphic, sd. (opt, Dolby SR, digital, Dolby SR-D, SDDS, Datasat), col. ;</marc:subfield>
			<marc:subfield code="c">35 mm.</marc:subfield>
		</marc:datafield>
		<marc:datafield tag="336" ind1=" " ind2=" ">
			<marc:subfield code="a">two-dimensional moving image</marc:subfield>
			<marc:subfield code="b">tdi</marc:subfield>
			<marc:subfield code="2">rdacontent</marc:subfield>
		</marc:datafield>
		<marc:datafield tag="337" ind1=" " ind2=" ">
			<marc:subfield code="a">projected</marc:subfield>
			<marc:subfield code="b">g</marc:subfield>
			<marc:subfield code="2">rdamedia</marc:subfield>
		</marc:datafield>
		<marc:datafield tag="338" ind1=" " ind2=" ">
			<marc:subfield code="a">videodisc</marc:subfield>
			<marc:subfield code="b">vd</marc:subfield>
			<marc:subfield code="2">rdacarrier</marc:subfield>
		</marc:datafield>
		<marc:datafield tag="380" ind1=" " ind2=" ">
			<marc:subfield code="a">Motion picture</marc:subfield>
		</marc:datafield>
		<marc:datafield tag="500" ind1=" " ind2=" ">
			<marc:subfield code="a">Based on the novel by J.R.R. Tolkein.</marc:subfield>
		</marc:datafield>
		<marc:datafield tag="511" ind1="1" ind2=" ">
			<marc:subfield code="a">Martin Freeman, Ian McKellen, Richard Armitage, Evangeline Lilly, Lee Pace, Luke Evans, Benedict Cumberbatch, Ken Stott, James Nesbitt, Cate Blanchett, Ian Holm, Christopher Lee, Hugo Weaving, Orlando Bloom.</marc:subfield>
		</marc:datafield>
		<marc:datafield tag="508" ind1=" " ind2=" ">
			<marc:subfield code="a">Executive producers, Alan Horn, Toby Emmerich, Ken Kamins, Carolyn Blackwood ; camera, Andrew Lesnie ; editor, Jabez Olssen ; music, Howard Shore ; production designer, Dan Hennah ; supervising art director, Simon Bright ; set decorators, RA Vincent, Simon Bright ; costume designers, Richard Taylor, Bob Buck, Ann Maskrey ; sound, Tony Johnson.</marc:subfield>
		</marc:datafield>
		<marc:datafield tag="500" ind1=" " ind2=" ">
			<marc:subfield code="a">Aspect ratio is 2.35:1.</marc:subfield>
		</marc:datafield>
		<marc:datafield tag="520" ind1=" " ind2=" ">
			<marc:subfield code="a">"Peter Jackson takes cues from the appendices of The Lord of the Rings to expand New Line Cinema's Hobbit adaptation with this third film completing the epic tale of Bilbo Baggins, as played by Martin Freeman. The story opens to find the vengeful dragon Smaug (voice of Benedict Cumberbatch) decimating the peaceful hamlet of Laketown as Bilbo, Thorin (Richard Armitage) and the rest of the dwarves lay claim to the Lonely Mountain. But their celebration is short-lived as Thorin grows obsessed with finding the Arkenstone. Meanwhile, Galadriel (Cate Blanchett) Elrond (Hugo Weaving) and Saruman (Christopher Lee) battle the Nazgul in an attempt to free Gandalf (Ian McKellen), and get some unexpected help from eccentric wizard Radagast (Sylvester McCoy). Unfortunately for all involved the struggle has only just begun, because as armies of dwarves, elves, orcs, humans and goblins converge at the base of the Lonely Mountain, the fight for the future of Middle Earth begins"--Allmovie.com, viewed August 8, 2018.</marc:subfield>
		</marc:datafield>
		<marc:datafield tag="500" ind1=" " ind2=" ">
			<marc:subfield code="a">Sequel to The hobbit, the desolation of Smaug.</marc:subfield>
		</marc:datafield>
		<marc:datafield tag="521" ind1="8" ind2=" ">
			<marc:subfield code="a">MPAA rating: PG-13.</marc:subfield>
		</marc:datafield>
		<marc:datafield tag="500" ind1=" " ind2=" ">
			<marc:subfield code="a">Not viewed.</marc:subfield>
		</marc:datafield>
		<marc:datafield tag="500" ind1=" " ind2=" ">
			<marc:subfield code="a">Sources used: Internet movie database, August 8, 2018; Variety, December 1, 2014; Copyright catalog online.</marc:subfield>
		</marc:datafield>
		<marc:datafield tag="600" ind1="1" ind2="0">
			<marc:subfield code="a">Baggins, Bilbo</marc:subfield>
			<marc:subfield code="v">Drama.</marc:subfield>
		</marc:datafield>
		<marc:datafield tag="600" ind1="0" ind2="0">
			<marc:subfield code="a">Gandalf</marc:subfield>
			<marc:subfield code="v">Drama.</marc:subfield>
		</marc:datafield>
		<marc:datafield tag="650" ind1=" " ind2=" ">
			<marc:subfield code="a">Krig</marc:subfield>
		</marc:datafield>
		<marc:datafield tag="655" ind1=" " ind2=" ">
			<marc:subfield code="a">Fantastisk</marc:subfield>
		</marc:datafield>
		<marc:datafield tag="700" ind1="1" ind2=" ">
			<marc:subfield code="a">Jackson, Peter,</marc:subfield>
			<marc:subfield code="d">1961-</marc:subfield>
			<marc:subfield code="e">direction,</marc:subfield>
			<marc:subfield code="4">drt</marc:subfield>
			<marc:subfield code="0">https://viaf.org/viaf/84213729</marc:subfield>
		</marc:datafield>
		<marc:datafield tag="700" ind1="1" ind2=" ">
			<marc:subfield code="a">Jackson, Peter,</marc:subfield>
			<marc:subfield code="d">1961-</marc:subfield>
			<marc:subfield code="e">production.</marc:subfield>
			<marc:subfield code="4">fmp</marc:subfield>
			<marc:subfield code="0">https://viaf.org/viaf/84213729</marc:subfield>
		</marc:datafield>
		<marc:datafield tag="700" ind1="1" ind2=" ">
			<marc:subfield code="a">Cunningham, Carolynne,</marc:subfield>
			<marc:subfield code="e">production.</marc:subfield>
			<marc:subfield code="4">fmp</marc:subfield>
			<marc:subfield code="0">https://viaf.org/viaf/26535009</marc:subfield>
		</marc:datafield>
		<marc:datafield tag="700" ind1="1" ind2=" ">
			<marc:subfield code="a">Weiner, Zane,</marc:subfield>
			<marc:subfield code="e">production.</marc:subfield>
			<marc:subfield code="4">fmp</marc:subfield>
			<marc:subfield code="0">https://viaf.org/viaf/88403242</marc:subfield>
		</marc:datafield>
		<marc:datafield tag="700" ind1="1" ind2=" ">
			<marc:subfield code="a">Walsh, Fran,</marc:subfield>
			<marc:subfield code="d">1959-</marc:subfield>
			<marc:subfield code="e">production,</marc:subfield>
			<marc:subfield code="4">fmp</marc:subfield>
			<marc:subfield code="0">https://viaf.org/viaf/100240334</marc:subfield>
		</marc:datafield>
		<marc:datafield tag="700" ind1="1" ind2=" ">
			<marc:subfield code="a">Walsh, Fran,</marc:subfield>
			<marc:subfield code="d">1959-</marc:subfield>
			<marc:subfield code="e">writing.</marc:subfield>
			<marc:subfield code="4">aus</marc:subfield>
			<marc:subfield code="0">https://viaf.org/viaf/100240334</marc:subfield>
		</marc:datafield>
		<marc:datafield tag="700" ind1="1" ind2=" ">
			<marc:subfield code="a">Boyens, Philippa,</marc:subfield>
			<marc:subfield code="e">writing.</marc:subfield>
			<marc:subfield code="4">aus</marc:subfield>
			<marc:subfield code="0">https://viaf.org/viaf/59309994</marc:subfield>
		</marc:datafield>
		<marc:datafield tag="700" ind1="1" ind2=" ">
			<marc:subfield code="a">Toro, Guillermo del,</marc:subfield>
			<marc:subfield code="d">1964-</marc:subfield>
			<marc:subfield code="e">writing.</marc:subfield>
			<marc:subfield code="4">aus</marc:subfield>
			<marc:subfield code="0">https://viaf.org/viaf/84318163</marc:subfield>
		</marc:datafield>
		<marc:datafield tag="700" ind1="1" ind2=" ">
			<marc:subfield code="a">Freeman, Martin,</marc:subfield>
			<marc:subfield code="d">1971-</marc:subfield>
			<marc:subfield code="e">cast.</marc:subfield>
			<marc:subfield code="4">act</marc:subfield>
			<marc:subfield code="0">https://viaf.org/viaf/88580583</marc:subfield>
		</marc:datafield>
		<marc:datafield tag="700" ind1="1" ind2=" ">
			<marc:subfield code="a">McKellen, Ian,</marc:subfield>
			<marc:subfield code="e">cast.</marc:subfield>
			<marc:subfield code="4">act</marc:subfield>
			<marc:subfield code="0">https://viaf.org/viaf/84227912</marc:subfield>
		</marc:datafield>
		<marc:datafield tag="700" ind1="1" ind2=" ">
			<marc:subfield code="a">Armitage, Richard,</marc:subfield>
			<marc:subfield code="d">1971-</marc:subfield>
			<marc:subfield code="e">cast.</marc:subfield>
			<marc:subfield code="4">act</marc:subfield>
			<marc:subfield code="0">https://viaf.org/viaf/78527602</marc:subfield>
		</marc:datafield>
		<marc:datafield tag="700" ind1="1" ind2=" ">
			<marc:subfield code="a">Tolkien, J. R. R.</marc:subfield>
			<marc:subfield code="q">(John Ronald Reuel),</marc:subfield>
			<marc:subfield code="d">1892-1973.</marc:subfield>
			<marc:subfield code="t">Hobbit.</marc:subfield>
			<marc:subfield code="0">http://viaf.org/viaf/309569545</marc:subfield>
		</marc:datafield>
		<marc:datafield tag="710" ind1="2" ind2=" ">
			<marc:subfield code="a">New Line Cinema Corporation.</marc:subfield>
		</marc:datafield>
		<marc:datafield tag="710" ind1="2" ind2=" ">
			<marc:subfield code="a">Metro-Goldwyn-Mayer.</marc:subfield>
		</marc:datafield>
		<marc:datafield tag="710" ind1="2" ind2=" ">
			<marc:subfield code="a">WingNut Films (Firm)</marc:subfield>
		</marc:datafield>
		<marc:datafield tag="730" ind1="0" ind2=" ">
			<marc:subfield code="a">Hobbit, the desolation of Smaug (Motion picture)</marc:subfield>
		</marc:datafield>
		<marc:datafield tag="710" ind1="2" ind2=" ">
			<marc:subfield code="a">Copyright Collection (Library of Congress)</marc:subfield>
			<marc:subfield code="5">DLC</marc:subfield>
		</marc:datafield>
		<marc:datafield tag="786" ind1="1" ind2="8">
			<marc:subfield code="t">Hobbit, the battle of the five armies</marc:subfield>
			<marc:subfield code="w">(DLC) 2061007</marc:subfield>
			<marc:subfield code="n">MAVIS</marc:subfield>
		</marc:datafield>
	</marc:record>