
	<marc:record>
		<marc:leader>01192cam a2200325 i 4500</marc:leader>
		<marc:controlfield tag="001">4630041</marc:controlfield>
		<marc:controlfield tag="005">19990607124358.3</marc:controlfield>
		<marc:controlfield tag="008">780726s1979    nyuc     b    001 0 eng  </marc:controlfield>
		<marc:datafield tag="035" ind1=" " ind2=" ">
			<marc:subfield code="9">(DLC)   78058032</marc:subfield>
		</marc:datafield>
		<marc:datafield tag="010" ind1=" " ind2=" ">
			<marc:subfield code="a">   78058032 </marc:subfield>
		</marc:datafield>
		<marc:datafield tag="020" ind1=" " ind2=" ">
			<marc:subfield code="a">080141038X</marc:subfield>
		</marc:datafield>
		<marc:datafield tag="040" ind1=" " ind2=" ">
			<marc:subfield code="a">DLC</marc:subfield>
			<marc:subfield code="c">DLC</marc:subfield>
			<marc:subfield code="d">DLC</marc:subfield>
		</marc:datafield>
		<marc:datafield tag="043" ind1=" " ind2=" ">
			<marc:subfield code="a">e-uk-en</marc:subfield>
		</marc:datafield>
		<marc:datafield tag="050" ind1="0" ind2="0">
			<marc:subfield code="a">PR6039.O32</marc:subfield>
			<marc:subfield code="b">Z665</marc:subfield>
		</marc:datafield>
		<marc:datafield tag="082" ind1="0" ind2="0">
			<marc:subfield code="a">828/.9/1209</marc:subfield>
		</marc:datafield>
		<marc:datafield tag="245" ind1="0" ind2="0">
			<marc:subfield code="a">J. R. R. Tolkien, scholar and storyteller :</marc:subfield>
			<marc:subfield code="b">essays in memoriam /</marc:subfield>
			<marc:subfield code="c">edited by Mary Salu and Robert T. Farrell.</marc:subfield>
		</marc:datafield>
		<marc:datafield tag="260" ind1=" " ind2=" ">
			<marc:subfield code="a">Ithaca, N.Y. :</marc:subfield>
			<marc:subfield code="b">Cornell University Press,</marc:subfield>
			<marc:subfield code="c">1979.</marc:subfield>
		</marc:datafield>
		<marc:datafield tag="300" ind1=" " ind2=" ">
			<marc:subfield code="a">325 p. :</marc:subfield>
			<marc:subfield code="b">port. ;</marc:subfield>
			<marc:subfield code="c">24 cm.</marc:subfield>
		</marc:datafield>
		<marc:datafield tag="336" ind1=" " ind2=" ">
			<marc:subfield code="a">text</marc:subfield>
			<marc:subfield code="b">txt</marc:subfield>
			<marc:subfield code="2">rdacontent</marc:subfield>
		</marc:datafield>
		<marc:datafield tag="337" ind1=" " ind2=" ">
			<marc:subfield code="a">unmediated</marc:subfield>
			<marc:subfield code="b">n</marc:subfield>
			<marc:subfield code="2">rdamedia</marc:subfield>
		</marc:datafield>
		<marc:datafield tag="338" ind1=" " ind2=" ">
			<marc:subfield code="a">volume</marc:subfield>
			<marc:subfield code="b">nc</marc:subfield>
			<marc:subfield code="2">rdacarrier</marc:subfield>
		</marc:datafield>
		<marc:datafield tag="380" ind1=" " ind2=" ">
			<marc:subfield code="a">Bibliography</marc:subfield>
		</marc:datafield>
		<marc:datafield tag="504" ind1=" " ind2=" ">
			<marc:subfield code="a">Bibliography: p. 317-322.</marc:subfield>
		</marc:datafield>
		<marc:datafield tag="500" ind1=" " ind2=" ">
			<marc:subfield code="a">Includes index.</marc:subfield>
		</marc:datafield>
		<marc:datafield tag="600" ind1="1" ind2="0">
			<marc:subfield code="a">Tolkien, J. R. R.</marc:subfield>
			<marc:subfield code="q">(John Ronald Reuel),</marc:subfield>
			<marc:subfield code="d">1892-1973</marc:subfield>
			<marc:subfield code="x">Criticism and interpretation.</marc:subfield>
			<marc:subfield code="0">https://viaf.org/viaf/95218067</marc:subfield>
		</marc:datafield>
		<marc:datafield tag="655" ind1=" " ind2=" ">
			<marc:subfield code="a">Fantastisk</marc:subfield>
		</marc:datafield>
		<marc:datafield tag="655" ind1=" " ind2=" ">
			<marc:subfield code="a">Tekstsamling </marc:subfield>
		</marc:datafield>
		<marc:datafield tag="700" ind1="1" ind2=" ">
			<marc:subfield code="a">Tolkien, J. R. R.</marc:subfield>
			<marc:subfield code="q">(John Ronald Reuel),</marc:subfield>
			<marc:subfield code="d">1892-1973.</marc:subfield>
			<marc:subfield code="4">hnr</marc:subfield>
			<marc:subfield code="0">https://viaf.org/viaf/95218067</marc:subfield>
		</marc:datafield>
		<marc:datafield tag="700" ind1="1" ind2=" ">
			<marc:subfield code="a">Salu, Mary.</marc:subfield>
			<marc:subfield code="4">edt</marc:subfield>
			<marc:subfield code="0">https://viaf.org/viaf/55404871</marc:subfield>
		</marc:datafield>
		<marc:datafield tag="700" ind1="1" ind2=" ">
			<marc:subfield code="a">Farrell, Robert T.</marc:subfield>
			<marc:subfield code="4">edt</marc:subfield>
			<marc:subfield code="0">https://viaf.org/viaf/233627724</marc:subfield>
		</marc:datafield>
	</marc:record>