
	<marc:record>
		<marc:leader>01743cas a2200445 a 4500</marc:leader>
		<marc:controlfield tag="001">11414444</marc:controlfield>
		<marc:controlfield tag="005">20181206080201.0</marc:controlfield>
		<marc:controlfield tag="008">771024c19709999enkfr p       0   a0eng d</marc:controlfield>
		<marc:datafield tag="010" ind1=" " ind2=" ">
			<marc:subfield code="a">sf 93092953 </marc:subfield>
			<marc:subfield code="z">sn 86012106 </marc:subfield>
		</marc:datafield>
		<marc:datafield tag="015" ind1=" " ind2=" ">
			<marc:subfield code="a">GB7307248</marc:subfield>
			<marc:subfield code="2">bnb</marc:subfield>
		</marc:datafield>
		<marc:datafield tag="016" ind1="7" ind2=" ">
			<marc:subfield code="a">009363958</marc:subfield>
			<marc:subfield code="2">Uk</marc:subfield>
		</marc:datafield>
		<marc:datafield tag="022" ind1=" " ind2=" ">
			<marc:subfield code="a">0308-6674</marc:subfield>
			<marc:subfield code="l">0308-6674</marc:subfield>
			<marc:subfield code="2">z</marc:subfield>
		</marc:datafield>
		<marc:datafield tag="035" ind1=" " ind2=" ">
			<marc:subfield code="a">(OCoLC)ocm03364461 </marc:subfield>
		</marc:datafield>
		<marc:datafield tag="040" ind1=" " ind2=" ">
			<marc:subfield code="a">MUL</marc:subfield>
			<marc:subfield code="b">eng</marc:subfield>
			<marc:subfield code="c">MUL</marc:subfield>
			<marc:subfield code="d">AIP</marc:subfield>
			<marc:subfield code="d">DLC</marc:subfield>
			<marc:subfield code="d">OCL</marc:subfield>
			<marc:subfield code="d">OCLCQ</marc:subfield>
			<marc:subfield code="d">INU</marc:subfield>
			<marc:subfield code="d">OCLCQ</marc:subfield>
			<marc:subfield code="d">UKMGB</marc:subfield>
			<marc:subfield code="d">OCLCQ</marc:subfield>
			<marc:subfield code="d">OCLCA</marc:subfield>
			<marc:subfield code="d">OCLCF</marc:subfield>
			<marc:subfield code="d">INU</marc:subfield>
			<marc:subfield code="d">BGU</marc:subfield>
			<marc:subfield code="d">OCLCQ</marc:subfield>
			<marc:subfield code="d">OCLCO</marc:subfield>
		</marc:datafield>
		<marc:datafield tag="042" ind1=" " ind2=" ">
			<marc:subfield code="a">nsdp</marc:subfield>
			<marc:subfield code="a">msc</marc:subfield>
		</marc:datafield>
		<marc:datafield tag="050" ind1="0" ind2="0">
			<marc:subfield code="a">WMLC 93/356</marc:subfield>
		</marc:datafield>
		<marc:datafield tag="210" ind1="0" ind2=" ">
			<marc:subfield code="a">Mallorn</marc:subfield>
		</marc:datafield>
		<marc:datafield tag="222" ind1=" " ind2="0">
			<marc:subfield code="a">Mallorn</marc:subfield>
		</marc:datafield>
		<marc:datafield tag="245" ind1="0" ind2="0">
			<marc:subfield code="a">Mallorn :</marc:subfield>
			<marc:subfield code="b">the journal of the Tolkien Society.</marc:subfield>
		</marc:datafield>
		<marc:datafield tag="246" ind1="3" ind2=" ">
			<marc:subfield code="a">Journal of the Tolkien Society</marc:subfield>
		</marc:datafield>
		<marc:datafield tag="260" ind1=" " ind2=" ">
			<marc:subfield code="a">London :</marc:subfield>
			<marc:subfield code="b">Tolkien Society</marc:subfield>
		</marc:datafield>
		<marc:datafield tag="300" ind1=" " ind2=" ">
			<marc:subfield code="a">volumes :</marc:subfield>
			<marc:subfield code="b">illustrations ;</marc:subfield>
			<marc:subfield code="c">30 cm</marc:subfield>
		</marc:datafield>
		<marc:datafield tag="310" ind1=" " ind2=" ">
			<marc:subfield code="a">Two no. a year,</marc:subfield>
			<marc:subfield code="b">2008-</marc:subfield>
		</marc:datafield>
		<marc:datafield tag="321" ind1=" " ind2=" ">
			<marc:subfield code="a">Frequency varies,</marc:subfield>
			<marc:subfield code="b">1970-2007</marc:subfield>
		</marc:datafield>
		<marc:datafield tag="336" ind1=" " ind2=" ">
			<marc:subfield code="a">text</marc:subfield>
			<marc:subfield code="b">txt</marc:subfield>
			<marc:subfield code="2">rdacontent</marc:subfield>
		</marc:datafield>
		<marc:datafield tag="337" ind1=" " ind2=" ">
			<marc:subfield code="a">unmediated</marc:subfield>
			<marc:subfield code="b">n</marc:subfield>
			<marc:subfield code="2">rdamedia</marc:subfield>
		</marc:datafield>
		<marc:datafield tag="338" ind1=" " ind2=" ">
			<marc:subfield code="a">volume</marc:subfield>
			<marc:subfield code="b">nc</marc:subfield>
			<marc:subfield code="2">rdacarrier</marc:subfield>
		</marc:datafield>
		<marc:datafield tag="362" ind1="1" ind2=" ">
			<marc:subfield code="a">Began with 1 (Nov. 1970).</marc:subfield>
		</marc:datafield>
		<marc:datafield tag="500" ind1=" " ind2=" ">
			<marc:subfield code="a">Publisher varies.</marc:subfield>
		</marc:datafield>
		<marc:datafield tag="515" ind1=" " ind2=" ">
			<marc:subfield code="a">Issue 33, published 1995, misnumbered as 30 on cover.</marc:subfield>
		</marc:datafield>
		<marc:datafield tag="588" ind1=" " ind2=" ">
			<marc:subfield code="a">Description based on: 18 (June 1982); title from cover.</marc:subfield>
		</marc:datafield>
		<marc:datafield tag="588" ind1=" " ind2=" ">
			<marc:subfield code="a">Latest issue consulted: Issue 46 (autumn 2008).</marc:subfield>
		</marc:datafield>
		<marc:datafield tag="610" ind1="2" ind2="0">
			<marc:subfield code="a">Tolkien Society (England)</marc:subfield>
			<marc:subfield code="v">Periodicals.</marc:subfield>
		</marc:datafield>
		<marc:datafield tag="600" ind1="1" ind2="0">
			<marc:subfield code="a">Tolkien, J. R. R.</marc:subfield>
			<marc:subfield code="q">(John Ronald Reuel),</marc:subfield>
			<marc:subfield code="d">1892-1973</marc:subfield>
			<marc:subfield code="v">Periodicals.</marc:subfield>
			<marc:subfield code="0">https://viaf.org/viaf/95218067</marc:subfield>
		</marc:datafield>
		<marc:datafield tag="600" ind1="1" ind2="7">
			<marc:subfield code="a">Tolkien, J. R. R.</marc:subfield>
			<marc:subfield code="q">(John Ronald Reuel),</marc:subfield>
			<marc:subfield code="d">1892-1973.</marc:subfield>
			<marc:subfield code="2">fast</marc:subfield>
			<marc:subfield code="0">(OCoLC)fst00030031</marc:subfield>
		</marc:datafield>
		<marc:datafield tag="610" ind1="2" ind2="7">
			<marc:subfield code="a">Tolkien Society (England)</marc:subfield>
			<marc:subfield code="2">fast</marc:subfield>
			<marc:subfield code="0">(OCoLC)fst00689290</marc:subfield>
		</marc:datafield>
		<marc:datafield tag="655" ind1=" " ind2="0">
			<marc:subfield code="a">Fantastisk</marc:subfield>
		</marc:datafield>
		<marc:datafield tag="655" ind1=" " ind2=" ">
			<marc:subfield code="a">Tidsskrift</marc:subfield>
		</marc:datafield>
		<marc:datafield tag="710" ind1="2" ind2=" ">
			<marc:subfield code="a">Tolkien Society (England)</marc:subfield>
		</marc:datafield>
		<marc:datafield tag="787" ind1="0" ind2="8">
			<marc:subfield code="i">Issue 33, published 1995, is also whole no. 80 (winter 1996) of:</marc:subfield>
			<marc:subfield code="t">Mythlore</marc:subfield>
			<marc:subfield code="x">0146-9339</marc:subfield>
			<marc:subfield code="w">(DLC)   84646587</marc:subfield>
			<marc:subfield code="w">(OCoLC)2494503</marc:subfield>
		</marc:datafield>
	</marc:record>