
	<marc:record>
		<marc:leader>01814cas a2200433 a 4500</marc:leader>
		<marc:controlfield tag="001">10586406</marc:controlfield>
		<marc:controlfield tag="005">20181031113345.0</marc:controlfield>
		<marc:controlfield tag="008">860927c19679999miuqr p       0   a0eng d</marc:controlfield>
		<marc:datafield tag="010" ind1=" " ind2=" ">
			<marc:subfield code="a">sn 92004772 </marc:subfield>
		</marc:datafield>
		<marc:datafield tag="022" ind1="0" ind2=" ">
			<marc:subfield code="a">1063-0848</marc:subfield>
			<marc:subfield code="l">1063-0848</marc:subfield>
			<marc:subfield code="2">1</marc:subfield>
		</marc:datafield>
		<marc:datafield tag="035" ind1=" " ind2=" ">
			<marc:subfield code="a">(OCoLC)ocm13914838 </marc:subfield>
		</marc:datafield>
		<marc:datafield tag="037" ind1=" " ind2=" ">
			<marc:subfield code="b">American Tolkien Society, P.O. Box 373, Highland, MI 48357</marc:subfield>
		</marc:datafield>
		<marc:datafield tag="040" ind1=" " ind2=" ">
			<marc:subfield code="a">OSU</marc:subfield>
			<marc:subfield code="b">eng</marc:subfield>
			<marc:subfield code="c">OSU</marc:subfield>
			<marc:subfield code="d">NSD</marc:subfield>
			<marc:subfield code="d">OCL</marc:subfield>
			<marc:subfield code="d">NST</marc:subfield>
			<marc:subfield code="d">OCL</marc:subfield>
			<marc:subfield code="d">DLC</marc:subfield>
			<marc:subfield code="d">OCLCQ</marc:subfield>
			<marc:subfield code="d">OCLCG</marc:subfield>
			<marc:subfield code="d">DLC</marc:subfield>
			<marc:subfield code="d">OCLCG</marc:subfield>
			<marc:subfield code="d">OCLCQ</marc:subfield>
			<marc:subfield code="d">OCLCA</marc:subfield>
			<marc:subfield code="d">OCLCF</marc:subfield>
			<marc:subfield code="d">OCLCO</marc:subfield>
			<marc:subfield code="d">OCLCQ</marc:subfield>
			<marc:subfield code="d">OCLCA</marc:subfield>
		</marc:datafield>
		<marc:datafield tag="042" ind1=" " ind2=" ">
			<marc:subfield code="a">nsdp</marc:subfield>
			<marc:subfield code="a">lccopycat</marc:subfield>
		</marc:datafield>
		<marc:datafield tag="050" ind1="0" ind2="0">
			<marc:subfield code="a">PR6039.O32</marc:subfield>
			<marc:subfield code="b">M56</marc:subfield>
		</marc:datafield>
		<marc:datafield tag="082" ind1="1" ind2="0">
			<marc:subfield code="a">820</marc:subfield>
			<marc:subfield code="2">12</marc:subfield>
		</marc:datafield>
		<marc:datafield tag="210" ind1="0" ind2=" ">
			<marc:subfield code="a">Minas Tirith evening-star</marc:subfield>
		</marc:datafield>
		<marc:datafield tag="222" ind1=" " ind2="0">
			<marc:subfield code="a">Minas Tirith evening-star</marc:subfield>
		</marc:datafield>
		<marc:datafield tag="245" ind1="0" ind2="0">
			<marc:subfield code="a">Minas Tirith evening-star.</marc:subfield>
		</marc:datafield>
		<marc:datafield tag="246" ind1="1" ind2="3">
			<marc:subfield code="a">MTES</marc:subfield>
		</marc:datafield>
		<marc:datafield tag="260" ind1=" " ind2=" ">
			<marc:subfield code="a">Union Lake, Mich. :</marc:subfield>
			<marc:subfield code="b">American Tolkien Society</marc:subfield>
		</marc:datafield>
		<marc:datafield tag="300" ind1=" " ind2=" ">
			<marc:subfield code="a">volumes :</marc:subfield>
			<marc:subfield code="b">illustrations ;</marc:subfield>
			<marc:subfield code="c">28 cm</marc:subfield>
		</marc:datafield>
		<marc:datafield tag="310" ind1=" " ind2=" ">
			<marc:subfield code="a">Quarterly,</marc:subfield>
			<marc:subfield code="b">&lt;winter 1991-&gt;</marc:subfield>
		</marc:datafield>
		<marc:datafield tag="321" ind1=" " ind2=" ">
			<marc:subfield code="a">Frequency varies,</marc:subfield>
			<marc:subfield code="b">1967-&lt;1980&gt;</marc:subfield>
		</marc:datafield>
		<marc:datafield tag="336" ind1=" " ind2=" ">
			<marc:subfield code="a">text</marc:subfield>
			<marc:subfield code="b">txt</marc:subfield>
			<marc:subfield code="2">rdacontent</marc:subfield>
		</marc:datafield>
		<marc:datafield tag="337" ind1=" " ind2=" ">
			<marc:subfield code="a">unmediated</marc:subfield>
			<marc:subfield code="b">n</marc:subfield>
			<marc:subfield code="2">rdamedia</marc:subfield>
		</marc:datafield>
		<marc:datafield tag="338" ind1=" " ind2=" ">
			<marc:subfield code="a">volume</marc:subfield>
			<marc:subfield code="b">nc</marc:subfield>
			<marc:subfield code="2">rdacarrier</marc:subfield>
		</marc:datafield>
		<marc:datafield tag="500" ind1=" " ind2=" ">
			<marc:subfield code="a">Issues for &lt;winter 1992-&gt; published in Highland, Mich.</marc:subfield>
		</marc:datafield>
		<marc:datafield tag="515" ind1=" " ind2=" ">
			<marc:subfield code="a">Issues for Oct. 1979-&lt;Oct. 1980&gt; also carry continuous numbering.</marc:subfield>
		</marc:datafield>
		<marc:datafield tag="515" ind1=" " ind2=" ">
			<marc:subfield code="a">Issues for v. 9, no. 10 (Sept. 1980) and v. 9, no. 11 (Oct. 1980) also called no. 148.</marc:subfield>
		</marc:datafield>
		<marc:datafield tag="550" ind1=" " ind2=" ">
			<marc:subfield code="a">Journal of: the American Tolkien Society.</marc:subfield>
		</marc:datafield>
		<marc:datafield tag="588" ind1=" " ind2=" ">
			<marc:subfield code="a">Description based on: Vol. 9, no. 1 (Oct. 1979); title from cover.</marc:subfield>
		</marc:datafield>
		<marc:datafield tag="588" ind1=" " ind2=" ">
			<marc:subfield code="a">Latest issue consulted: Vol. 36, no. 1 (spring 2007).</marc:subfield>
		</marc:datafield>
		<marc:datafield tag="600" ind1="1" ind2="0">
			<marc:subfield code="a">Tolkien, J. R. R.</marc:subfield>
			<marc:subfield code="q">(John Ronald Reuel),</marc:subfield>
			<marc:subfield code="d">1892-1973</marc:subfield>
			<marc:subfield code="x">Societies, etc.</marc:subfield>
			<marc:subfield code="0">https://viaf.org/viaf/95218067</marc:subfield>
		</marc:datafield>
		<marc:datafield tag="600" ind1="1" ind2="0">
			<marc:subfield code="a">Tolkien, J. R. R.</marc:subfield>
			<marc:subfield code="q">(John Ronald Reuel),</marc:subfield>
			<marc:subfield code="d">1892-1973</marc:subfield>
			<marc:subfield code="v">Periodicals, etc.</marc:subfield>
			<marc:subfield code="0">https://viaf.org/viaf/95218067</marc:subfield>
		</marc:datafield>
		<marc:datafield tag="600" ind1="1" ind2="7">
			<marc:subfield code="a">Tolkien, J. R. R.</marc:subfield>
			<marc:subfield code="q">(John Ronald Reuel),</marc:subfield>
			<marc:subfield code="d">1892-1973.</marc:subfield>
			<marc:subfield code="2">fast</marc:subfield>
			<marc:subfield code="0">(OCoLC)fst00030031</marc:subfield>
		</marc:datafield>
		<marc:datafield tag="655" ind1=" " ind2=" ">
			<marc:subfield code="a">Fantastisk</marc:subfield>
		</marc:datafield>
		<marc:datafield tag="655" ind1=" " ind2=" ">
			<marc:subfield code="a">Tidsskrift</marc:subfield>
		</marc:datafield>
		<marc:datafield tag="710" ind1="2" ind2=" ">
			<marc:subfield code="a">American Tolkien Society.</marc:subfield>
		</marc:datafield>
	</marc:record>