
	<marc:record>
		<marc:leader>01661cas a2200421   4500</marc:leader>
		<marc:controlfield tag="001">11175937</marc:controlfield>
		<marc:controlfield tag="005">20181130163930.0</marc:controlfield>
		<marc:controlfield tag="008">790409c19679999wiu x         0   a0eng  </marc:controlfield>
		<marc:datafield tag="010" ind1=" " ind2=" ">
			<marc:subfield code="a">   74010332 </marc:subfield>
		</marc:datafield>
		<marc:datafield tag="016" ind1="7" ind2=" ">
			<marc:subfield code="a">016137493</marc:subfield>
			<marc:subfield code="2">DE-101</marc:subfield>
		</marc:datafield>
		<marc:datafield tag="016" ind1="7" ind2=" ">
			<marc:subfield code="a">1082928-3</marc:subfield>
			<marc:subfield code="2">DE-600</marc:subfield>
		</marc:datafield>
		<marc:datafield tag="022" ind1="0" ind2=" ">
			<marc:subfield code="a">0474-3369</marc:subfield>
			<marc:subfield code="l">0474-3369</marc:subfield>
			<marc:subfield code="2">1</marc:subfield>
		</marc:datafield>
		<marc:datafield tag="035" ind1=" " ind2=" ">
			<marc:subfield code="a">(OCoLC)ocm04835925 </marc:subfield>
		</marc:datafield>
		<marc:datafield tag="037" ind1=" " ind2=" ">
			<marc:subfield code="b">University of Wisconsin, c/o Richard C. West, 1918 Madison St., Madison, WI 53711</marc:subfield>
		</marc:datafield>
		<marc:datafield tag="040" ind1=" " ind2=" ">
			<marc:subfield code="a">DLC</marc:subfield>
			<marc:subfield code="b">eng</marc:subfield>
			<marc:subfield code="c">COO</marc:subfield>
			<marc:subfield code="d">DLC</marc:subfield>
			<marc:subfield code="d">NSD</marc:subfield>
			<marc:subfield code="d">DLC</marc:subfield>
			<marc:subfield code="d">EBZ</marc:subfield>
			<marc:subfield code="d">NSD</marc:subfield>
			<marc:subfield code="d">OCL</marc:subfield>
			<marc:subfield code="d">OCLCQ</marc:subfield>
			<marc:subfield code="d">OCLCG</marc:subfield>
			<marc:subfield code="d">OCLCQ</marc:subfield>
			<marc:subfield code="d">GBVCP</marc:subfield>
			<marc:subfield code="d">OCLCA</marc:subfield>
			<marc:subfield code="d">OCLCF</marc:subfield>
			<marc:subfield code="d">OCLCO</marc:subfield>
			<marc:subfield code="d">OCL</marc:subfield>
			<marc:subfield code="d">OCLCA</marc:subfield>
			<marc:subfield code="d">OCLCQ</marc:subfield>
			<marc:subfield code="d">OCLCO</marc:subfield>
		</marc:datafield>
		<marc:datafield tag="042" ind1=" " ind2=" ">
			<marc:subfield code="a">pcc</marc:subfield>
			<marc:subfield code="a">nsdp</marc:subfield>
		</marc:datafield>
		<marc:datafield tag="050" ind1="0" ind2="0">
			<marc:subfield code="a">PR6039.O32</marc:subfield>
			<marc:subfield code="b">O72</marc:subfield>
		</marc:datafield>
		<marc:datafield tag="082" ind1="0" ind2=" ">
			<marc:subfield code="a">828/.91209</marc:subfield>
		</marc:datafield>
		<marc:datafield tag="210" ind1="0" ind2=" ">
			<marc:subfield code="a">Orcrist</marc:subfield>
		</marc:datafield>
		<marc:datafield tag="222" ind1=" " ind2="0">
			<marc:subfield code="a">Orcrist</marc:subfield>
		</marc:datafield>
		<marc:datafield tag="245" ind1="0" ind2="0">
			<marc:subfield code="a">Orcrist.</marc:subfield>
		</marc:datafield>
		<marc:datafield tag="260" ind1=" " ind2=" ">
			<marc:subfield code="a">[Madison, Wis.],</marc:subfield>
			<marc:subfield code="b">[J.R.R. Tolkien Society]</marc:subfield>
			<marc:subfield code="c">1967-</marc:subfield>
		</marc:datafield>
		<marc:datafield tag="300" ind1=" " ind2=" ">
			<marc:subfield code="a">no.</marc:subfield>
			<marc:subfield code="b">illustrations</marc:subfield>
			<marc:subfield code="c">28 cm</marc:subfield>
		</marc:datafield>
		<marc:datafield tag="310" ind1=" " ind2=" ">
			<marc:subfield code="a">Irregular,</marc:subfield>
			<marc:subfield code="b">&lt;1977-&gt;</marc:subfield>
		</marc:datafield>
		<marc:datafield tag="321" ind1=" " ind2=" ">
			<marc:subfield code="a">Annual,</marc:subfield>
			<marc:subfield code="b">1966/67-1973</marc:subfield>
		</marc:datafield>
		<marc:datafield tag="336" ind1=" " ind2=" ">
			<marc:subfield code="a">text</marc:subfield>
			<marc:subfield code="b">txt</marc:subfield>
			<marc:subfield code="2">rdacontent</marc:subfield>
		</marc:datafield>
		<marc:datafield tag="337" ind1=" " ind2=" ">
			<marc:subfield code="a">unmediated</marc:subfield>
			<marc:subfield code="b">n</marc:subfield>
			<marc:subfield code="2">rdamedia</marc:subfield>
		</marc:datafield>
		<marc:datafield tag="338" ind1=" " ind2=" ">
			<marc:subfield code="a">volume</marc:subfield>
			<marc:subfield code="b">nc</marc:subfield>
			<marc:subfield code="2">rdacarrier</marc:subfield>
		</marc:datafield>
		<marc:datafield tag="362" ind1="0" ind2=" ">
			<marc:subfield code="a">no. 1-</marc:subfield>
		</marc:datafield>
		<marc:datafield tag="515" ind1=" " ind2=" ">
			<marc:subfield code="a">No. 1 also called v. 1.</marc:subfield>
		</marc:datafield>
		<marc:datafield tag="550" ind1=" " ind2=" ">
			<marc:subfield code="a">"Bulletin of the University of Wisconsin J.R.R. Tolkien Society and of the Modern Language Association seminar of the Medieval Tradition in Modern Literature."</marc:subfield>
		</marc:datafield>
		<marc:datafield tag="580" ind1=" " ind2=" ">
			<marc:subfield code="a">No. 3, issued also as Tolkien journal, v. 4, no. 1, whole no. 11.</marc:subfield>
		</marc:datafield>
		<marc:datafield tag="600" ind1="1" ind2="0">
			<marc:subfield code="a">Tolkien, J. R. R.</marc:subfield>
			<marc:subfield code="q">(John Ronald Reuel),</marc:subfield>
			<marc:subfield code="d">1892-1973</marc:subfield>
			<marc:subfield code="v">Periodicals.</marc:subfield>
			<marc:subfield code="0">https://viaf.org/viaf/95218067</marc:subfield>
		</marc:datafield>
		<marc:datafield tag="600" ind1="1" ind2="7">
			<marc:subfield code="a">Tolkien, J. R. R.</marc:subfield>
			<marc:subfield code="q">(John Ronald Reuel),</marc:subfield>
			<marc:subfield code="d">1892-1973.</marc:subfield>
			<marc:subfield code="2">fast</marc:subfield>
			<marc:subfield code="0">(OCoLC)fst00030031</marc:subfield>
		</marc:datafield>
		<marc:datafield tag="655" ind1=" " ind2=" ">
			<marc:subfield code="a">Tidsskrift</marc:subfield>
		</marc:datafield>
		<marc:datafield tag="655" ind1=" " ind2=" ">
			<marc:subfield code="a">Fantastisk</marc:subfield>
		</marc:datafield>
		<marc:datafield tag="710" ind1="2" ind2=" ">
			<marc:subfield code="a">University of Wisconsin J.R.R. Tolkien Society.</marc:subfield>
		</marc:datafield>
		<marc:datafield tag="787" ind1="1" ind2=" ">
			<marc:subfield code="t">Tolkien journal</marc:subfield>
			<marc:subfield code="g">no. 3</marc:subfield>
			<marc:subfield code="w">(OCoLC)1767596</marc:subfield>
		</marc:datafield>
	</marc:record>