
	<marc:record>
		<marc:leader>01016cam a2200313 a 4500</marc:leader>
		<marc:controlfield tag="001">17482823</marc:controlfield>
		<marc:controlfield tag="005">20130410124236.0</marc:controlfield>
		<marc:controlfield tag="008">121003s2013    nyuab         000 1 eng  </marc:controlfield>
		<marc:datafield tag="010" ind1=" " ind2=" ">
			<marc:subfield code="a">  2012037361</marc:subfield>
		</marc:datafield>
		<marc:datafield tag="020" ind1=" " ind2=" ">
			<marc:subfield code="a">9780765325952 (hbk.)</marc:subfield>
		</marc:datafield>
		<marc:datafield tag="020" ind1=" " ind2=" ">
			<marc:subfield code="a">9781429997171 (ebook)</marc:subfield>
		</marc:datafield>
		<marc:datafield tag="040" ind1=" " ind2=" ">
			<marc:subfield code="a">DLC</marc:subfield>
			<marc:subfield code="c">DLC</marc:subfield>
			<marc:subfield code="d">DLC</marc:subfield>
		</marc:datafield>
		<marc:datafield tag="042" ind1=" " ind2=" ">
			<marc:subfield code="a">pcc</marc:subfield>
		</marc:datafield>
		<marc:datafield tag="050" ind1="0" ind2="0">
			<marc:subfield code="a">PS3560.O7617</marc:subfield>
			<marc:subfield code="b">M46 2013</marc:subfield>
		</marc:datafield>
		<marc:datafield tag="082" ind1="0" ind2="0">
			<marc:subfield code="a">813/.54</marc:subfield>
			<marc:subfield code="2">23</marc:subfield>
		</marc:datafield>
		<marc:datafield tag="100" ind1="1" ind2=" ">
			<marc:subfield code="a">Jordan, Robert,</marc:subfield>
			<marc:subfield code="d">1948-2007.</marc:subfield>
			<marc:subfield code="4">aut</marc:subfield>
			<marc:subfield code="0">https://viaf.org/viaf/79096089</marc:subfield>
		</marc:datafield>
		<marc:datafield tag="245" ind1="1" ind2="2">
			<marc:subfield code="a">A memory of light /</marc:subfield>
			<marc:subfield code="c">Robert Jordan and Brandon Sanderson.</marc:subfield>
		</marc:datafield>
		<marc:datafield tag="250" ind1=" " ind2=" ">
			<marc:subfield code="a">1st ed.</marc:subfield>
		</marc:datafield>
		<marc:datafield tag="260" ind1=" " ind2=" ">
			<marc:subfield code="a">New York :</marc:subfield>
			<marc:subfield code="b">Tor Fantasy,</marc:subfield>
			<marc:subfield code="c">2013.</marc:subfield>
		</marc:datafield>
		<marc:datafield tag="300" ind1=" " ind2=" ">
			<marc:subfield code="a">909 p. :</marc:subfield>
			<marc:subfield code="b">ill., col. maps ;</marc:subfield>
			<marc:subfield code="c">25 cm.</marc:subfield>
		</marc:datafield>
		<marc:datafield tag="336" ind1=" " ind2=" ">
			<marc:subfield code="a">text</marc:subfield>
			<marc:subfield code="b">txt</marc:subfield>
			<marc:subfield code="2">rdacontent</marc:subfield>
		</marc:datafield>
		<marc:datafield tag="337" ind1=" " ind2=" ">
			<marc:subfield code="a">unmediated</marc:subfield>
			<marc:subfield code="b">n</marc:subfield>
			<marc:subfield code="2">rdamedia</marc:subfield>
		</marc:datafield>
		<marc:datafield tag="338" ind1=" " ind2=" ">
			<marc:subfield code="a">volume</marc:subfield>
			<marc:subfield code="b">nc</marc:subfield>
			<marc:subfield code="2">rdacarrier</marc:subfield>
		</marc:datafield>
		<marc:datafield tag="380" ind1=" " ind2=" ">
			<marc:subfield code="a">Fiction</marc:subfield>
		</marc:datafield>
		<marc:datafield tag="490" ind1="0" ind2=" ">
			<marc:subfield code="a">The wheel of time ;</marc:subfield>
			<marc:subfield code="v">bk. 14</marc:subfield>
		</marc:datafield>
		<marc:datafield tag="500" ind1=" " ind2=" ">
			<marc:subfield code="a">"A Tom Doherty Associates book."</marc:subfield>
		</marc:datafield>
		<marc:datafield tag="650" ind1=" " ind2="0">
			<marc:subfield code="a">Rand al'Thor (fiktiv karakter)</marc:subfield>
		</marc:datafield>
		<marc:datafield tag="655" ind1=" " ind2=" ">
			<marc:subfield code="a">Fantastisk</marc:subfield>
		</marc:datafield>
		<marc:datafield tag="700" ind1="1" ind2=" ">
			<marc:subfield code="a">Sanderson, Brandon.</marc:subfield>
			<marc:subfield code="4">aut</marc:subfield>
			<marc:subfield code="0">https://viaf.org/viaf/50418535</marc:subfield>
		</marc:datafield>
	</marc:record>