
	<marc:record>
		<marc:leader>01056cam a2200289 a 4500</marc:leader>
		<marc:controlfield tag="001">15522483</marc:controlfield>
		<marc:controlfield tag="005">20100903113510.0</marc:controlfield>
		<marc:controlfield tag="008">081114s2009    nyu    c      000 1 eng  </marc:controlfield>
		<marc:datafield tag="010" ind1=" " ind2=" ">
			<marc:subfield code="a">  2008049262</marc:subfield>
		</marc:datafield>
		<marc:datafield tag="020" ind1=" " ind2=" ">
			<marc:subfield code="a">9780439925556 (hardcover : alk. paper)</marc:subfield>
		</marc:datafield>
		<marc:datafield tag="020" ind1=" " ind2=" ">
			<marc:subfield code="a">043992555X (hardcover : alk. paper)</marc:subfield>
		</marc:datafield>
		<marc:datafield tag="040" ind1=" " ind2=" ">
			<marc:subfield code="a">DLC</marc:subfield>
			<marc:subfield code="c">DLC</marc:subfield>
			<marc:subfield code="d">DLC</marc:subfield>
		</marc:datafield>
		<marc:datafield tag="042" ind1=" " ind2=" ">
			<marc:subfield code="a">lcac</marc:subfield>
		</marc:datafield>
		<marc:datafield tag="050" ind1="0" ind2="0">
			<marc:subfield code="a">PZ7.S19797</marc:subfield>
			<marc:subfield code="b">Alk 2009</marc:subfield>
		</marc:datafield>
		<marc:datafield tag="082" ind1="0" ind2="0">
			<marc:subfield code="a">[Fic]</marc:subfield>
			<marc:subfield code="2">22</marc:subfield>
		</marc:datafield>
		<marc:datafield tag="100" ind1="1" ind2=" ">
			<marc:subfield code="a">Sanderson, Brandon.</marc:subfield>
			<marc:subfield code="4">aut</marc:subfield>
			<marc:subfield code="0">https://viaf.org/viaf/50418535</marc:subfield>
		</marc:datafield>
		<marc:datafield tag="245" ind1="1" ind2="0">
			<marc:subfield code="a">Alcatraz versus the Knights of Crystallia /</marc:subfield>
			<marc:subfield code="c">by Brandon Sanderson.</marc:subfield>
		</marc:datafield>
		<marc:datafield tag="250" ind1=" " ind2=" ">
			<marc:subfield code="a">1st ed.</marc:subfield>
		</marc:datafield>
		<marc:datafield tag="260" ind1=" " ind2=" ">
			<marc:subfield code="a">New York :</marc:subfield>
			<marc:subfield code="b">Scholastic Press,</marc:subfield>
			<marc:subfield code="c">2009.</marc:subfield>
		</marc:datafield>
		<marc:datafield tag="300" ind1=" " ind2=" ">
			<marc:subfield code="a">299 p. ;</marc:subfield>
			<marc:subfield code="c">21 cm.</marc:subfield>
		</marc:datafield>
		<marc:datafield tag="336" ind1=" " ind2=" ">
			<marc:subfield code="a">text</marc:subfield>
			<marc:subfield code="b">txt</marc:subfield>
			<marc:subfield code="2">rdacontent</marc:subfield>
		</marc:datafield>
		<marc:datafield tag="337" ind1=" " ind2=" ">
			<marc:subfield code="a">unmediated</marc:subfield>
			<marc:subfield code="b">n</marc:subfield>
			<marc:subfield code="2">rdamedia</marc:subfield>
		</marc:datafield>
		<marc:datafield tag="338" ind1=" " ind2=" ">
			<marc:subfield code="a">volume</marc:subfield>
			<marc:subfield code="b">nc</marc:subfield>
			<marc:subfield code="2">rdacarrier</marc:subfield>
		</marc:datafield>
		<marc:datafield tag="380" ind1=" " ind2=" ">
			<marc:subfield code="a">Fiction</marc:subfield>
		</marc:datafield>
		<marc:datafield tag="520" ind1=" " ind2=" ">
			<marc:subfield code="a">When Alcatraz and Grandpa Smedry make a pilgrimage to the Free Kingdom city of Crystallia, they are shocked to find the city under seige by the Evil Librarians--led by Alcatraz's own mother.</marc:subfield>
		</marc:datafield>
		<marc:datafield tag="650" ind1=" " ind2=" ">
			<marc:subfield code="a">Ungdomslitteratur</marc:subfield>
		</marc:datafield>
		<marc:datafield tag="655" ind1=" " ind2=" ">
			<marc:subfield code="a">Fantastisk</marc:subfield>
		</marc:datafield>
	</marc:record>