
	<marc:record>
		<marc:leader>01980cam a2200397 i 4500</marc:leader>
		<marc:controlfield tag="001">20467818</marc:controlfield>
		<marc:controlfield tag="005">20180501114819.0</marc:controlfield>
		<marc:controlfield tag="008">180424t20172017nyua          000 1 eng d</marc:controlfield>
		<marc:datafield tag="010" ind1=" " ind2=" ">
			<marc:subfield code="a">  2018286110</marc:subfield>
		</marc:datafield>
		<marc:datafield tag="020" ind1=" " ind2=" ">
			<marc:subfield code="a">9781250166548</marc:subfield>
			<marc:subfield code="q">(mini hardcover)</marc:subfield>
		</marc:datafield>
		<marc:datafield tag="020" ind1=" " ind2=" ">
			<marc:subfield code="a">1250166543</marc:subfield>
			<marc:subfield code="q">(mini hardcover)</marc:subfield>
		</marc:datafield>
		<marc:datafield tag="020" ind1=" " ind2=" ">
			<marc:subfield code="z">9781250166609</marc:subfield>
			<marc:subfield code="q">(ebook)</marc:subfield>
		</marc:datafield>
		<marc:datafield tag="035" ind1=" " ind2=" ">
			<marc:subfield code="a">(OCoLC)ocn978837196</marc:subfield>
		</marc:datafield>
		<marc:datafield tag="040" ind1=" " ind2=" ">
			<marc:subfield code="a">YDX</marc:subfield>
			<marc:subfield code="b">eng</marc:subfield>
			<marc:subfield code="c">YDX</marc:subfield>
			<marc:subfield code="e">rda</marc:subfield>
			<marc:subfield code="d">BDX</marc:subfield>
			<marc:subfield code="d">GO9</marc:subfield>
			<marc:subfield code="d">CHY</marc:subfield>
			<marc:subfield code="d">MR0</marc:subfield>
			<marc:subfield code="d">ABJ</marc:subfield>
			<marc:subfield code="d">ZAC</marc:subfield>
			<marc:subfield code="d">B@L</marc:subfield>
			<marc:subfield code="d">OCLCF</marc:subfield>
			<marc:subfield code="d">CHILD</marc:subfield>
			<marc:subfield code="d">ATSHR</marc:subfield>
			<marc:subfield code="d">OCL</marc:subfield>
			<marc:subfield code="d">INR</marc:subfield>
			<marc:subfield code="d">TXLYM</marc:subfield>
			<marc:subfield code="d">E9T</marc:subfield>
			<marc:subfield code="d">IGA</marc:subfield>
			<marc:subfield code="d">YDX</marc:subfield>
			<marc:subfield code="d">OCLCQ</marc:subfield>
			<marc:subfield code="d">OCLCO</marc:subfield>
			<marc:subfield code="d">DLC</marc:subfield>
		</marc:datafield>
		<marc:datafield tag="042" ind1=" " ind2=" ">
			<marc:subfield code="a">lccopycat</marc:subfield>
		</marc:datafield>
		<marc:datafield tag="050" ind1="0" ind2="0">
			<marc:subfield code="a">PS3619.A533</marc:subfield>
			<marc:subfield code="b">E34 2017</marc:subfield>
		</marc:datafield>
		<marc:datafield tag="082" ind1="0" ind2="4">
			<marc:subfield code="a">813/.6</marc:subfield>
			<marc:subfield code="2">23</marc:subfield>
		</marc:datafield>
		<marc:datafield tag="100" ind1="1" ind2=" ">
			<marc:subfield code="a">Sanderson, Brandon,</marc:subfield>
			<marc:subfield code="e">author.</marc:subfield>
			<marc:subfield code="4">aut</marc:subfield>
			<marc:subfield code="0">https://viaf.org/viaf/50418535</marc:subfield>
		</marc:datafield>
		<marc:datafield tag="245" ind1="1" ind2="0">
			<marc:subfield code="a">Edgedancer /</marc:subfield>
			<marc:subfield code="c">Brandon Sanderson.</marc:subfield>
		</marc:datafield>
		<marc:datafield tag="250" ind1=" " ind2=" ">
			<marc:subfield code="a">First edition.</marc:subfield>
		</marc:datafield>
		<marc:datafield tag="264" ind1=" " ind2="1">
			<marc:subfield code="a">New York, NY :</marc:subfield>
			<marc:subfield code="b">Tor,</marc:subfield>
			<marc:subfield code="c">2017.</marc:subfield>
		</marc:datafield>
		<marc:datafield tag="264" ind1=" " ind2="4">
			<marc:subfield code="c">©2017</marc:subfield>
		</marc:datafield>
		<marc:datafield tag="300" ind1=" " ind2=" ">
			<marc:subfield code="a">268 pages :</marc:subfield>
			<marc:subfield code="b">illustrations ;</marc:subfield>
			<marc:subfield code="c">18 cm.</marc:subfield>
		</marc:datafield>
		<marc:datafield tag="336" ind1=" " ind2=" ">
			<marc:subfield code="a">text</marc:subfield>
			<marc:subfield code="b">txt</marc:subfield>
			<marc:subfield code="2">rdacontent</marc:subfield>
		</marc:datafield>
		<marc:datafield tag="337" ind1=" " ind2=" ">
			<marc:subfield code="a">unmediated</marc:subfield>
			<marc:subfield code="b">n</marc:subfield>
			<marc:subfield code="2">rdamedia</marc:subfield>
		</marc:datafield>
		<marc:datafield tag="338" ind1=" " ind2=" ">
			<marc:subfield code="a">volume</marc:subfield>
			<marc:subfield code="b">nc</marc:subfield>
			<marc:subfield code="2">rdacarrier</marc:subfield>
		</marc:datafield>
		<marc:datafield tag="380" ind1=" " ind2=" ">
			<marc:subfield code="a">Fiction</marc:subfield>
		</marc:datafield>
		<marc:datafield tag="490" ind1="1" ind2=" ">
			<marc:subfield code="a">The stormlight archive</marc:subfield>
		</marc:datafield>
		<marc:datafield tag="500" ind1=" " ind2=" ">
			<marc:subfield code="a">"From the Stormlight Archive."</marc:subfield>
		</marc:datafield>
		<marc:datafield tag="520" ind1="0" ind2=" ">
			<marc:subfield code="a">"Three years ago, Lift asked a goddess to stop her from growing older - a wish she believed was granted. Now, in Edgedancer, the barely teenage nascent Knight Radiant finds that time stands still for no one. Although the young Azish emperor granted her safe haven from an executioner she knows only as Darkness, court life is suffocating the free-spirited Lift, who can't help heading to Yeddaw when she hears the relentless Darkness is there hunting people like her with budding powers. The downtrodden in Yeddaw have no champion, and Lift knows she must seize this awesome responsibility"--Back cover.</marc:subfield>
		</marc:datafield>
		<marc:datafield tag="650" ind1=" " ind2="0">
			<marc:subfield code="a">Magi</marc:subfield>
		</marc:datafield>
		<marc:datafield tag="650" ind1=" " ind2="0">
			<marc:subfield code="a">Udødelighet</marc:subfield>
		</marc:datafield>
		<marc:datafield tag="655" ind1=" " ind2="0">
			<marc:subfield code="a">Episk</marc:subfield>
		</marc:datafield>
		<marc:datafield tag="655" ind1=" " ind2=" ">
			<marc:subfield code="a">Fantastisk</marc:subfield>
		</marc:datafield>
		<marc:datafield tag="773" ind1="0" ind2="8">
			<marc:subfield code="i">Contained in (manifestation):</marc:subfield>
			<marc:subfield code="a">Sanderson, Brandon.</marc:subfield>
			<marc:subfield code="t">Arcanum unbounded.</marc:subfield>
			<marc:subfield code="d">New York : Tor, 2016</marc:subfield>
			<marc:subfield code="w">(OCoLC)935985784</marc:subfield>
		</marc:datafield>
		<marc:datafield tag="800" ind1="1" ind2=" ">
			<marc:subfield code="a">Sanderson, Brandon.</marc:subfield>
			<marc:subfield code="t">Stormlight archive ;</marc:subfield>
			<marc:subfield code="v">2.5.</marc:subfield>
		</marc:datafield>
	</marc:record>