
	<marc:record>
		<marc:leader>01992cim a2200481 i 4500</marc:leader>
		<marc:controlfield tag="001">19260256</marc:controlfield>
		<marc:controlfield tag="005">20160907172142.0</marc:controlfield>
		<marc:controlfield tag="007">sd fsngnnmmned</marc:controlfield>
		<marc:controlfield tag="008">160902s2015    mdunnn|        f  | eng d</marc:controlfield>
		<marc:datafield tag="010" ind1=" " ind2=" ">
			<marc:subfield code="a">  2016623692</marc:subfield>
		</marc:datafield>
		<marc:datafield tag="020" ind1=" " ind2=" ">
			<marc:subfield code="a">9781628511345</marc:subfield>
		</marc:datafield>
		<marc:datafield tag="020" ind1=" " ind2=" ">
			<marc:subfield code="a">1628511346</marc:subfield>
		</marc:datafield>
		<marc:datafield tag="024" ind1="3" ind2=" ">
			<marc:subfield code="a">9781628511345</marc:subfield>
		</marc:datafield>
		<marc:datafield tag="035" ind1=" " ind2=" ">
			<marc:subfield code="a">(OCoLC)ocn905664237</marc:subfield>
		</marc:datafield>
		<marc:datafield tag="040" ind1=" " ind2=" ">
			<marc:subfield code="a">TEFMT</marc:subfield>
			<marc:subfield code="b">eng</marc:subfield>
			<marc:subfield code="e">rda</marc:subfield>
			<marc:subfield code="c">TEFMT</marc:subfield>
			<marc:subfield code="d">TEF</marc:subfield>
			<marc:subfield code="d">OCLCF</marc:subfield>
			<marc:subfield code="d">OCLCO</marc:subfield>
			<marc:subfield code="d">DLC</marc:subfield>
		</marc:datafield>
		<marc:datafield tag="042" ind1=" " ind2=" ">
			<marc:subfield code="a">lccopycat</marc:subfield>
		</marc:datafield>
		<marc:datafield tag="050" ind1="0" ind2="0">
			<marc:subfield code="a">RZC 4599</marc:subfield>
		</marc:datafield>
		<marc:datafield tag="082" ind1="0" ind2="4">
			<marc:subfield code="a">813/.6</marc:subfield>
			<marc:subfield code="2">23</marc:subfield>
		</marc:datafield>
		<marc:datafield tag="100" ind1="1" ind2=" ">
			<marc:subfield code="a">Sanderson, Brandon,</marc:subfield>
			<marc:subfield code="e">author.</marc:subfield>
			<marc:subfield code="4">aut</marc:subfield>
			<marc:subfield code="0">https://viaf.org/viaf/50418535</marc:subfield>
		</marc:datafield>
		<marc:datafield tag="245" ind1="1" ind2="4">
			<marc:subfield code="a">The hero of ages.</marc:subfield>
			<marc:subfield code="n">(3 of 3) /</marc:subfield>
			<marc:subfield code="c">Brandon Sanderson.</marc:subfield>
		</marc:datafield>
		<marc:datafield tag="250" ind1=" " ind2=" ">
			<marc:subfield code="a">Unabridged.</marc:subfield>
		</marc:datafield>
		<marc:datafield tag="264" ind1=" " ind2="1">
			<marc:subfield code="a">[Bethesda, MD] :</marc:subfield>
			<marc:subfield code="b">Graphic Audio,</marc:subfield>
			<marc:subfield code="c">p2015.</marc:subfield>
		</marc:datafield>
		<marc:datafield tag="300" ind1=" " ind2=" ">
			<marc:subfield code="a">6 audio discs (approximately 7 hr.) :</marc:subfield>
			<marc:subfield code="b">CD audio, digital ;</marc:subfield>
			<marc:subfield code="c">4 3/4 in.</marc:subfield>
		</marc:datafield>
		<marc:datafield tag="306" ind1=" " ind2=" ">
			<marc:subfield code="a">070000</marc:subfield>
		</marc:datafield>
		<marc:datafield tag="336" ind1=" " ind2=" ">
			<marc:subfield code="a">spoken word</marc:subfield>
			<marc:subfield code="b">spw</marc:subfield>
			<marc:subfield code="2">rdacontent</marc:subfield>
		</marc:datafield>
		<marc:datafield tag="337" ind1=" " ind2=" ">
			<marc:subfield code="a">audio</marc:subfield>
			<marc:subfield code="b">s</marc:subfield>
			<marc:subfield code="2">rdamedia</marc:subfield>
		</marc:datafield>
		<marc:datafield tag="338" ind1=" " ind2=" ">
			<marc:subfield code="a">audio disc</marc:subfield>
			<marc:subfield code="b">sd</marc:subfield>
			<marc:subfield code="2">rdacarrier</marc:subfield>
		</marc:datafield>
		<marc:datafield tag="344" ind1=" " ind2=" ">
			<marc:subfield code="a">digital</marc:subfield>
			<marc:subfield code="2">rda</marc:subfield>
		</marc:datafield>
		<marc:datafield tag="347" ind1=" " ind2=" ">
			<marc:subfield code="a">audio file</marc:subfield>
			<marc:subfield code="b">CD audio</marc:subfield>
			<marc:subfield code="2">rda</marc:subfield>
		</marc:datafield>
		<marc:datafield tag="380" ind1=" " ind2=" ">
			<marc:subfield code="a">Fiction</marc:subfield>
		</marc:datafield>
		<marc:datafield tag="490" ind1="1" ind2=" ">
			<marc:subfield code="a">Mistborn ;</marc:subfield>
			<marc:subfield code="v">3</marc:subfield>
		</marc:datafield>
		<marc:datafield tag="511" ind1="1" ind2=" ">
			<marc:subfield code="a">Terence Aselford, Kimberly Gilbert, Nick DePinto ... [et al.].</marc:subfield>
		</marc:datafield>
		<marc:datafield tag="508" ind1=" " ind2=" ">
			<marc:subfield code="a">Adapted for GraphicAudio by Nathanial Perry ; directed by Terence Aselford.</marc:subfield>
		</marc:datafield>
		<marc:datafield tag="500" ind1=" " ind2=" ">
			<marc:subfield code="a">Recordable compact discs.</marc:subfield>
		</marc:datafield>
		<marc:datafield tag="500" ind1=" " ind2=" ">
			<marc:subfield code="a">In container (14 x 17 cm.).</marc:subfield>
		</marc:datafield>
		<marc:datafield tag="520" ind1=" " ind2=" ">
			<marc:subfield code="a">To end the Final Empire and restore freedom, Vin killed the Lord Ruler. But as a result, the Deepness-- the lethal form of the ubiquitous mists-- is back, along with increasingly heavy ashfalls and ever more powerful earthquakes. Humanity appears to be doomed.</marc:subfield>
		</marc:datafield>
		<marc:datafield tag="650" ind1=" " ind2="0">
			<marc:subfield code="a">Magi</marc:subfield>
		</marc:datafield>
		<marc:datafield tag="655" ind1=" " ind2=" ">
			<marc:subfield code="a">Fantastisk</marc:subfield>
		</marc:datafield>
		<marc:datafield tag="700" ind1="1" ind2=" ">
			<marc:subfield code="a">Aselford, Terence.</marc:subfield>
			<marc:subfield code="4">drt</marc:subfield>
			<marc:subfield code="0">https://viaf.org/viaf/4602271</marc:subfield>
		</marc:datafield>
		<marc:datafield tag="700" ind1="1" ind2=" ">
			<marc:subfield code="a">Aselford, Terence.</marc:subfield>
			<marc:subfield code="4">prf</marc:subfield>
			<marc:subfield code="0">https://viaf.org/viaf/4602271</marc:subfield>
		</marc:datafield>
		<marc:datafield tag="700" ind1="1" ind2=" ">
			<marc:subfield code="a">Gilbert, Kimberly.</marc:subfield>
			<marc:subfield code="4">prf</marc:subfield>
			<marc:subfield code="0">https://viaf.org/viaf/4499563</marc:subfield>
		</marc:datafield>
		<marc:datafield tag="700" ind1="1" ind2=" ">
			<marc:subfield code="a">DePinto, Nick.</marc:subfield>
			<marc:subfield code="4">prf</marc:subfield>
			<marc:subfield code="0">https://viaf.org/viaf/14147423130744881875</marc:subfield>
		</marc:datafield>
		<marc:datafield tag="800" ind1="1" ind2=" ">
			<marc:subfield code="a">Sanderson, Brandon.</marc:subfield>
			<marc:subfield code="t">Mistborn.</marc:subfield>
			<marc:subfield code="s">Spoken word ;</marc:subfield>
			<marc:subfield code="v">3.</marc:subfield>
		</marc:datafield>
	</marc:record>