
	<marc:record>
		<marc:leader>02202cam a2200361 i 4500</marc:leader>
		<marc:controlfield tag="001">20738234</marc:controlfield>
		<marc:controlfield tag="005">20190108110625.0</marc:controlfield>
		<marc:controlfield tag="008">181109t20182018nyu           000 1 eng d</marc:controlfield>
		<marc:datafield tag="010" ind1=" " ind2=" ">
			<marc:subfield code="a">  2018289245</marc:subfield>
		</marc:datafield>
		<marc:datafield tag="020" ind1=" " ind2=" ">
			<marc:subfield code="a">9781250297792</marc:subfield>
			<marc:subfield code="q">(hardcover)</marc:subfield>
		</marc:datafield>
		<marc:datafield tag="020" ind1=" " ind2=" ">
			<marc:subfield code="a">1250297796</marc:subfield>
			<marc:subfield code="q">(hardcover)</marc:subfield>
		</marc:datafield>
		<marc:datafield tag="020" ind1=" " ind2=" ">
			<marc:subfield code="z">9781250297808</marc:subfield>
			<marc:subfield code="q">(ebook)</marc:subfield>
		</marc:datafield>
		<marc:datafield tag="035" ind1=" " ind2=" ">
			<marc:subfield code="a">(OCoLC)on1029473272</marc:subfield>
		</marc:datafield>
		<marc:datafield tag="040" ind1=" " ind2=" ">
			<marc:subfield code="a">YDX</marc:subfield>
			<marc:subfield code="b">eng</marc:subfield>
			<marc:subfield code="c">YDX</marc:subfield>
			<marc:subfield code="e">rda</marc:subfield>
			<marc:subfield code="d">BDX</marc:subfield>
			<marc:subfield code="d">HBP</marc:subfield>
			<marc:subfield code="d">IK2</marc:subfield>
			<marc:subfield code="d">TCH</marc:subfield>
			<marc:subfield code="d">CZA</marc:subfield>
			<marc:subfield code="d">CKE</marc:subfield>
			<marc:subfield code="d">RB0</marc:subfield>
			<marc:subfield code="d">OCLCF</marc:subfield>
			<marc:subfield code="d">IUK</marc:subfield>
			<marc:subfield code="d">DLC</marc:subfield>
		</marc:datafield>
		<marc:datafield tag="042" ind1=" " ind2=" ">
			<marc:subfield code="a">lccopycat</marc:subfield>
		</marc:datafield>
		<marc:datafield tag="050" ind1="0" ind2="0">
			<marc:subfield code="a">PS3619.A533</marc:subfield>
			<marc:subfield code="b">A6 2018</marc:subfield>
		</marc:datafield>
		<marc:datafield tag="082" ind1="0" ind2="4">
			<marc:subfield code="a">813/.6</marc:subfield>
			<marc:subfield code="2">23</marc:subfield>
		</marc:datafield>
		<marc:datafield tag="100" ind1="1" ind2=" ">
			<marc:subfield code="a">Sanderson, Brandon,</marc:subfield>
			<marc:subfield code="e">author.</marc:subfield>
			<marc:subfield code="4">aut</marc:subfield>
			<marc:subfield code="0">https://viaf.org/viaf/50418535</marc:subfield>
		</marc:datafield>
		<marc:datafield tag="240" ind1="1" ind2="0">
			<marc:subfield code="a">Novellas.</marc:subfield>
			<marc:subfield code="k">Selections</marc:subfield>
			<marc:subfield code="0">http://viaf.org/viaf/1290147907501679210005</marc:subfield>
		</marc:datafield>
		<marc:datafield tag="245" ind1="1" ind2="0">
			<marc:subfield code="a">Legion :</marc:subfield>
			<marc:subfield code="b">the many lives of Stephen Leeds /</marc:subfield>
			<marc:subfield code="c">Brandon Sanderson.</marc:subfield>
		</marc:datafield>
		<marc:datafield tag="246" ind1="3" ind2=" ">
			<marc:subfield code="a">Many lives of Stephen Leeds</marc:subfield>
		</marc:datafield>
		<marc:datafield tag="250" ind1=" " ind2=" ">
			<marc:subfield code="a">First edition.</marc:subfield>
		</marc:datafield>
		<marc:datafield tag="264" ind1=" " ind2="1">
			<marc:subfield code="a">New York :</marc:subfield>
			<marc:subfield code="b">Tor,</marc:subfield>
			<marc:subfield code="c">2018.</marc:subfield>
		</marc:datafield>
		<marc:datafield tag="264" ind1=" " ind2="4">
			<marc:subfield code="c">©2018</marc:subfield>
		</marc:datafield>
		<marc:datafield tag="300" ind1=" " ind2=" ">
			<marc:subfield code="a">352 pages ;</marc:subfield>
			<marc:subfield code="c">25 cm</marc:subfield>
		</marc:datafield>
		<marc:datafield tag="336" ind1=" " ind2=" ">
			<marc:subfield code="a">text</marc:subfield>
			<marc:subfield code="b">txt</marc:subfield>
			<marc:subfield code="2">rdacontent</marc:subfield>
		</marc:datafield>
		<marc:datafield tag="337" ind1=" " ind2=" ">
			<marc:subfield code="a">unmediated</marc:subfield>
			<marc:subfield code="b">n</marc:subfield>
			<marc:subfield code="2">rdamedia</marc:subfield>
		</marc:datafield>
		<marc:datafield tag="338" ind1=" " ind2=" ">
			<marc:subfield code="a">volume</marc:subfield>
			<marc:subfield code="b">nc</marc:subfield>
			<marc:subfield code="2">rdacarrier</marc:subfield>
		</marc:datafield>
		<marc:datafield tag="380" ind1=" " ind2=" ">
			<marc:subfield code="a">Fiction</marc:subfield>
		</marc:datafield>
		<marc:datafield tag="505" ind1="0" ind2=" ">
			<marc:subfield code="a">Legion -- Legion: skin deep -- Lies of the beholder</marc:subfield>
		</marc:datafield>
		<marc:datafield tag="520" ind1=" " ind2=" ">
			<marc:subfield code="a">"A genius of unrivaled aptitude, Stephen can learn any new skill, vocation, or art in a matter of hours. However, to contain all of this, his mind creates hallucinatory people--Stephen calls them aspects--to hold and manifest the information. Wherever he goes, he is joined by a team of imaginary experts to give advice, interpretation, and explanation. He uses them to solve problems . . . for a price.  His brain is getting a little crowded and the aspects have a tendency of taking on lives of their own. When a company hires him to recover stolen property--a camera that can allegedly take pictures of the past--Stephen finds himself in an adventure crossing oceans and fighting terrorists. What he discovers may upend the foundation of three major world religions--and, perhaps, give him a vital clue into the true nature of his aspects  Legion: The Many Lives of Stephen Leeds includes Legion, Legion: Skin Deep and the brand new, shocking finale to Leeds' story, Lies of the Beholder"--</marc:subfield>
			<marc:subfield code="c">Amazon.</marc:subfield>
		</marc:datafield>
		<marc:datafield tag="655" ind1=" " ind2=" ">
			<marc:subfield code="a">Fantastisk</marc:subfield>
		</marc:datafield>
		<marc:datafield tag="655" ind1=" " ind2=" ">
			<marc:subfield code="a">Science fiction</marc:subfield>
		</marc:datafield>
	</marc:record>