
	<marc:record>
		<marc:leader>01714cam a2200385 i 4500</marc:leader>
		<marc:controlfield tag="001">19769395</marc:controlfield>
		<marc:controlfield tag="005">20171020142303.0</marc:controlfield>
		<marc:controlfield tag="008">170705r20162010nyuab  c      000 1 eng c</marc:controlfield>
		<marc:datafield tag="010" ind1=" " ind2=" ">
			<marc:subfield code="a">  2016591622</marc:subfield>
		</marc:datafield>
		<marc:datafield tag="020" ind1=" " ind2=" ">
			<marc:subfield code="a">9780765379009</marc:subfield>
			<marc:subfield code="q">(trade)</marc:subfield>
		</marc:datafield>
		<marc:datafield tag="020" ind1=" " ind2=" ">
			<marc:subfield code="a">0765379007</marc:subfield>
			<marc:subfield code="q">(trade)</marc:subfield>
		</marc:datafield>
		<marc:datafield tag="035" ind1=" " ind2=" ">
			<marc:subfield code="a">(OCoLC)ocn907651000</marc:subfield>
		</marc:datafield>
		<marc:datafield tag="040" ind1=" " ind2=" ">
			<marc:subfield code="a">YDXCP</marc:subfield>
			<marc:subfield code="b">eng</marc:subfield>
			<marc:subfield code="c">YDXCP</marc:subfield>
			<marc:subfield code="e">rda</marc:subfield>
			<marc:subfield code="d">BTCTA</marc:subfield>
			<marc:subfield code="d">BDX</marc:subfield>
			<marc:subfield code="d">OCLCQ</marc:subfield>
			<marc:subfield code="d">FOLLT</marc:subfield>
			<marc:subfield code="d">OCLCO</marc:subfield>
			<marc:subfield code="d">IZ2</marc:subfield>
			<marc:subfield code="d">OCLCO</marc:subfield>
			<marc:subfield code="d">ZHB</marc:subfield>
			<marc:subfield code="d">OCLCO</marc:subfield>
			<marc:subfield code="d">IHX</marc:subfield>
			<marc:subfield code="d">OCLCO</marc:subfield>
			<marc:subfield code="d">OCLCF</marc:subfield>
			<marc:subfield code="d">OCLCO</marc:subfield>
			<marc:subfield code="d">PCX</marc:subfield>
			<marc:subfield code="d">OCLCO</marc:subfield>
			<marc:subfield code="d">UBY</marc:subfield>
			<marc:subfield code="d">TXBAY</marc:subfield>
			<marc:subfield code="d">OCLCO</marc:subfield>
			<marc:subfield code="d">TXGPM</marc:subfield>
			<marc:subfield code="d">MTB</marc:subfield>
			<marc:subfield code="d">IGA</marc:subfield>
			<marc:subfield code="d">DLC</marc:subfield>
		</marc:datafield>
		<marc:datafield tag="042" ind1=" " ind2=" ">
			<marc:subfield code="a">pcc</marc:subfield>
		</marc:datafield>
		<marc:datafield tag="050" ind1="0" ind2="0">
			<marc:subfield code="a">PZ7.S19797</marc:subfield>
			<marc:subfield code="b">Ab 2016</marc:subfield>
		</marc:datafield>
		<marc:datafield tag="082" ind1="0" ind2="0">
			<marc:subfield code="a">[Fic]</marc:subfield>
			<marc:subfield code="2">23</marc:subfield>
		</marc:datafield>
		<marc:datafield tag="100" ind1="1" ind2=" ">
			<marc:subfield code="a">Sanderson, Brandon,</marc:subfield>
			<marc:subfield code="e">author.</marc:subfield>
			<marc:subfield code="4">aut</marc:subfield>
			<marc:subfield code="0">https://viaf.org/viaf/50418535</marc:subfield>
		</marc:datafield>
		<marc:datafield tag="240" ind1="1" ind2="0">
			<marc:subfield code="a">Alcatraz versus the Shattered Lens</marc:subfield>
			<marc:subfield code="0">http://viaf.org/viaf/307088217</marc:subfield>
		</marc:datafield>
		<marc:datafield tag="245" ind1="1" ind2="4">
			<marc:subfield code="a">The Shattered Lens /</marc:subfield>
			<marc:subfield code="c">Brandon Sanderson ; illustrations by Hayley Lazo.</marc:subfield>
		</marc:datafield>
		<marc:datafield tag="250" ind1=" " ind2=" ">
			<marc:subfield code="a">First Starscape edition.</marc:subfield>
		</marc:datafield>
		<marc:datafield tag="264" ind1=" " ind2="1">
			<marc:subfield code="a">New York :</marc:subfield>
			<marc:subfield code="b">Starscape, A Tom Doherty Associates book,</marc:subfield>
			<marc:subfield code="c">2016.</marc:subfield>
		</marc:datafield>
		<marc:datafield tag="264" ind1=" " ind2="4">
			<marc:subfield code="c">©2010</marc:subfield>
		</marc:datafield>
		<marc:datafield tag="300" ind1=" " ind2=" ">
			<marc:subfield code="a">331 pages :</marc:subfield>
			<marc:subfield code="b">illustrations, color map ;</marc:subfield>
			<marc:subfield code="c">22 cm.</marc:subfield>
		</marc:datafield>
		<marc:datafield tag="336" ind1=" " ind2=" ">
			<marc:subfield code="a">text</marc:subfield>
			<marc:subfield code="b">txt</marc:subfield>
			<marc:subfield code="2">rdacontent</marc:subfield>
		</marc:datafield>
		<marc:datafield tag="337" ind1=" " ind2=" ">
			<marc:subfield code="a">unmediated</marc:subfield>
			<marc:subfield code="b">n</marc:subfield>
			<marc:subfield code="2">rdamedia</marc:subfield>
		</marc:datafield>
		<marc:datafield tag="338" ind1=" " ind2=" ">
			<marc:subfield code="a">volume</marc:subfield>
			<marc:subfield code="b">nc</marc:subfield>
			<marc:subfield code="2">rdacarrier</marc:subfield>
		</marc:datafield>
		<marc:datafield tag="380" ind1=" " ind2=" ">
			<marc:subfield code="a">Fiction</marc:subfield>
		</marc:datafield>
		<marc:datafield tag="490" ind1="1" ind2=" ">
			<marc:subfield code="a">Alcatraz vs. the evil librarians ;</marc:subfield>
			<marc:subfield code="v">book four</marc:subfield>
		</marc:datafield>
		<marc:datafield tag="500" ind1=" " ind2=" ">
			<marc:subfield code="a">Map inside dust jacket.</marc:subfield>
		</marc:datafield>
		<marc:datafield tag="500" ind1=" " ind2=" ">
			<marc:subfield code="a">Previously published as Alcatraz versus the Shattered Lens by Scholastic Press in 2010.</marc:subfield>
		</marc:datafield>
		<marc:datafield tag="520" ind1=" " ind2=" ">
			<marc:subfield code="a">When a hero is needed to save the doomed kingdom of Mokia from the evil Librarians, thirteen-year-old Alcatraz Smedry, whose family talents include getting lost and breaking things, answers the call.</marc:subfield>
		</marc:datafield>
		<marc:datafield tag="650" ind1=" " ind2=" ">
			<marc:subfield code="a">Magi</marc:subfield>
		</marc:datafield>
		<marc:datafield tag="655" ind1=" " ind2=" ">
			<marc:subfield code="a">Fantastisk</marc:subfield>
		</marc:datafield>
		<marc:datafield tag="655" ind1=" " ind2=" ">
			<marc:subfield code="a">Ungdomslitteratur</marc:subfield>
		</marc:datafield>
		<marc:datafield tag="800" ind1="1" ind2=" ">
			<marc:subfield code="a">Sanderson, Brandon.</marc:subfield>
			<marc:subfield code="t">Alcatraz vs. the evil librarians ;</marc:subfield>
			<marc:subfield code="v">book 4.</marc:subfield>
		</marc:datafield>
	</marc:record>