
	<marc:record>
		<marc:leader>02105cim a2200493 a 4500</marc:leader>
		<marc:controlfield tag="001">17228924</marc:controlfield>
		<marc:controlfield tag="005">20120511101602.0</marc:controlfield>
		<marc:controlfield tag="007">sd fsngnnmmned</marc:controlfield>
		<marc:controlfield tag="008">120327s2009    mdunnn|        f  | eng d</marc:controlfield>
		<marc:datafield tag="010" ind1=" " ind2=" ">
			<marc:subfield code="a">  2012618069</marc:subfield>
		</marc:datafield>
		<marc:datafield tag="020" ind1=" " ind2=" ">
			<marc:subfield code="a">9781599506043</marc:subfield>
		</marc:datafield>
		<marc:datafield tag="020" ind1=" " ind2=" ">
			<marc:subfield code="a">1599506041</marc:subfield>
		</marc:datafield>
		<marc:datafield tag="024" ind1="1" ind2=" ">
			<marc:subfield code="a">882185008107</marc:subfield>
		</marc:datafield>
		<marc:datafield tag="035" ind1=" " ind2=" ">
			<marc:subfield code="a">(OCoLC)ocn604949528</marc:subfield>
		</marc:datafield>
		<marc:datafield tag="040" ind1=" " ind2=" ">
			<marc:subfield code="a">IMD</marc:subfield>
			<marc:subfield code="b">eng</marc:subfield>
			<marc:subfield code="c">IMD</marc:subfield>
			<marc:subfield code="d">OCLCA</marc:subfield>
			<marc:subfield code="d">OCLCQ</marc:subfield>
			<marc:subfield code="d">DLC</marc:subfield>
		</marc:datafield>
		<marc:datafield tag="042" ind1=" " ind2=" ">
			<marc:subfield code="a">lccopycat</marc:subfield>
		</marc:datafield>
		<marc:datafield tag="050" ind1="0" ind2="0">
			<marc:subfield code="a">RZC 0914</marc:subfield>
		</marc:datafield>
		<marc:datafield tag="100" ind1="1" ind2=" ">
			<marc:subfield code="a">Sanderson, Brandon.</marc:subfield>
			<marc:subfield code="4">aut</marc:subfield>
			<marc:subfield code="0">https://viaf.org/viaf/50418535</marc:subfield>
		</marc:datafield>
		<marc:datafield tag="245" ind1="1" ind2="0">
			<marc:subfield code="a">Warbreaker.</marc:subfield>
			<marc:subfield code="n">Part 1</marc:subfield>
			<marc:subfield code="h">[sound recording] /</marc:subfield>
			<marc:subfield code="c">Brandon Sanderson.</marc:subfield>
		</marc:datafield>
		<marc:datafield tag="260" ind1=" " ind2=" ">
			<marc:subfield code="a">Bethesda, MD :</marc:subfield>
			<marc:subfield code="b">GraphicAudio,</marc:subfield>
			<marc:subfield code="c">p2009.</marc:subfield>
		</marc:datafield>
		<marc:datafield tag="300" ind1=" " ind2=" ">
			<marc:subfield code="a">6 sound discs (ca. 6 hr.) :</marc:subfield>
			<marc:subfield code="b">digital ;</marc:subfield>
			<marc:subfield code="c">4 3/4 in.</marc:subfield>
		</marc:datafield>
		<marc:datafield tag="306" ind1=" " ind2=" ">
			<marc:subfield code="a">060000</marc:subfield>
		</marc:datafield>
		<marc:datafield tag="336" ind1=" " ind2=" ">
			<marc:subfield code="a">spoken word</marc:subfield>
			<marc:subfield code="b">spw</marc:subfield>
			<marc:subfield code="2">rdacontent</marc:subfield>
		</marc:datafield>
		<marc:datafield tag="337" ind1=" " ind2=" ">
			<marc:subfield code="a">audio</marc:subfield>
			<marc:subfield code="b">s</marc:subfield>
			<marc:subfield code="2">rdamedia</marc:subfield>
		</marc:datafield>
		<marc:datafield tag="338" ind1=" " ind2=" ">
			<marc:subfield code="a">audio disc</marc:subfield>
			<marc:subfield code="b">sd</marc:subfield>
			<marc:subfield code="2">rdacarrier</marc:subfield>
		</marc:datafield>
		<marc:datafield tag="380" ind1=" " ind2=" ">
			<marc:subfield code="a">Fiction</marc:subfield>
		</marc:datafield>
		<marc:datafield tag="500" ind1=" " ind2=" ">
			<marc:subfield code="a">A full cast dramatization of the novel.</marc:subfield>
		</marc:datafield>
		<marc:datafield tag="511" ind1="0" ind2=" ">
			<marc:subfield code="a">Performed by Dylan Lynch, James Konicek, Ken Jackson, Karen Carbone, Elizabeth Jernigen, Colleen Delany ... [et al.].</marc:subfield>
		</marc:datafield>
		<marc:datafield tag="500" ind1=" " ind2=" ">
			<marc:subfield code="a">Book adapted for GraphicAudio by Johann Dettweiler.</marc:subfield>
		</marc:datafield>
		<marc:datafield tag="500" ind1=" " ind2=" ">
			<marc:subfield code="a">Recordable compact discs.</marc:subfield>
		</marc:datafield>
		<marc:datafield tag="500" ind1=" " ind2=" ">
			<marc:subfield code="a">In container (14 x 17 cm.).</marc:subfield>
		</marc:datafield>
		<marc:datafield tag="500" ind1=" " ind2=" ">
			<marc:subfield code="a">"Cinematic music, full cast, digital effects"--Container.</marc:subfield>
		</marc:datafield>
		<marc:datafield tag="520" ind1=" " ind2=" ">
			<marc:subfield code="a">Warbreaker is the story of two sisters, who happen to be princesses, the God King one of them has to marry, the lesser god who doesn't like his job, and the immortal who's still trying to undo the mistakes he made hundreds of years ago.</marc:subfield>
		</marc:datafield>
		<marc:datafield tag="650" ind1=" " ind2=" ">
			<marc:subfield code="a">Prinsesser</marc:subfield>
		</marc:datafield>
		<marc:datafield tag="650" ind1=" " ind2=" ">
			<marc:subfield code="a">Magi</marc:subfield>
		</marc:datafield>
		<marc:datafield tag="655" ind1=" " ind2=" ">
			<marc:subfield code="a">Fantastisk</marc:subfield>
		</marc:datafield>
		<marc:datafield tag="700" ind1="1" ind2=" ">
			<marc:subfield code="a">Dettweiler, Johann.</marc:subfield>
			<marc:subfield code="4">adp</marc:subfield>
			<marc:subfield code="0">https://viaf.org/viaf/170888163</marc:subfield>
		</marc:datafield>
		<marc:datafield tag="700" ind1="1" ind2=" ">
			<marc:subfield code="a">Lynch, Dylan.</marc:subfield>
			<marc:subfield code="4">prf</marc:subfield>
			<marc:subfield code="0">https://viaf.org/viaf/220554457/</marc:subfield>
		</marc:datafield>
		<marc:datafield tag="700" ind1="1" ind2=" ">
			<marc:subfield code="a">Konicek, James.</marc:subfield>
			<marc:subfield code="4">prf</marc:subfield>
			<marc:subfield code="0">https://viaf.org/viaf/96750243</marc:subfield>
		</marc:datafield>
		<marc:datafield tag="700" ind1="1" ind2=" ">
			<marc:subfield code="a">Jackson, Ken.</marc:subfield>
			<marc:subfield code="4">prf</marc:subfield>
		</marc:datafield>
		<marc:datafield tag="700" ind1="1" ind2=" ">
			<marc:subfield code="a">Carbone, Karen.</marc:subfield>
			<marc:subfield code="4">prf</marc:subfield>
			<marc:subfield code="0">https://viaf.org/viaf/14227068</marc:subfield>
		</marc:datafield>
		<marc:datafield tag="700" ind1="1" ind2=" ">
			<marc:subfield code="a">Jernigan, Elizabeth.</marc:subfield>
			<marc:subfield code="4">prf</marc:subfield>
			<marc:subfield code="0">https://viaf.org/viaf/222148395</marc:subfield>
		</marc:datafield>
		<marc:datafield tag="700" ind1="1" ind2=" ">
			<marc:subfield code="a">Delany, Colleen.</marc:subfield>
			<marc:subfield code="4">prf</marc:subfield>
			<marc:subfield code="0">https://viaf.org/viaf/70935111</marc:subfield>
		</marc:datafield>
		<marc:datafield tag="710" ind1="2" ind2=" ">
			<marc:subfield code="a">GraphicAudio (Firm)</marc:subfield>
		</marc:datafield>
	</marc:record>