
	<marc:record>
		<marc:leader>02256cgm a22003733a 4500</marc:leader>
		<marc:controlfield tag="001">16293899</marc:controlfield>
		<marc:controlfield tag="005">20120118071447.0</marc:controlfield>
		<marc:controlfield tag="007">vffcjaho|</marc:controlfield>
		<marc:controlfield tag="008">100621s2008    xxk198            mleng  </marc:controlfield>
		<marc:datafield tag="010" ind1=" " ind2=" ">
			<marc:subfield code="a">  2010609079</marc:subfield>
		</marc:datafield>
		<marc:datafield tag="017" ind1=" " ind2=" ">
			<marc:subfield code="a">PA0001637754</marc:subfield>
			<marc:subfield code="b">U.S. Copyright Office</marc:subfield>
		</marc:datafield>
		<marc:datafield tag="033" ind1="0" ind2="1">
			<marc:subfield code="a">20080323</marc:subfield>
		</marc:datafield>
		<marc:datafield tag="040" ind1=" " ind2=" ">
			<marc:subfield code="a">DLC</marc:subfield>
			<marc:subfield code="c">DLC</marc:subfield>
			<marc:subfield code="e">amim</marc:subfield>
			<marc:subfield code="d">DLC</marc:subfield>
		</marc:datafield>
		<marc:datafield tag="050" ind1="0" ind2="0">
			<marc:subfield code="a">VBU 4951-4954 (viewing copy)</marc:subfield>
		</marc:datafield>
		<marc:datafield tag="245" ind1="0" ind2="0">
			<marc:subfield code="a">Colour of magic /</marc:subfield>
			<marc:subfield code="c">RHI Entertainment ; directed and written by Vadim Jean.</marc:subfield>
		</marc:datafield>
		<marc:datafield tag="246" ind1="1" ind2=" ">
			<marc:subfield code="i">Alternate title on Copyright application:</marc:subfield>
			<marc:subfield code="a">Terry Pratchett's the colour of magic</marc:subfield>
		</marc:datafield>
		<marc:datafield tag="257" ind1=" " ind2=" ">
			<marc:subfield code="a">Great Britain.</marc:subfield>
		</marc:datafield>
		<marc:datafield tag="260" ind1=" " ind2=" ">
			<marc:subfield code="c">2008-03-23.</marc:subfield>
		</marc:datafield>
		<marc:datafield tag="300" ind1=" " ind2=" ">
			<marc:subfield code="3">viewing copy.</marc:subfield>
			<marc:subfield code="a">4 videocassettes of 4 (Betacam SP) (197 min., 17 sec.) :</marc:subfield>
			<marc:subfield code="b">sd., col. ;</marc:subfield>
			<marc:subfield code="c">1/2 in.</marc:subfield>
		</marc:datafield>
		<marc:datafield tag="336" ind1=" " ind2=" ">
			<marc:subfield code="a">two-dimensional moving image</marc:subfield>
			<marc:subfield code="b">tdi</marc:subfield>
			<marc:subfield code="2">rdacontent</marc:subfield>
		</marc:datafield>
		<marc:datafield tag="337" ind1=" " ind2=" ">
			<marc:subfield code="a">projected</marc:subfield>
			<marc:subfield code="b">g</marc:subfield>
			<marc:subfield code="2">rdamedia</marc:subfield>
		</marc:datafield>
		<marc:datafield tag="338" ind1=" " ind2=" ">
			<marc:subfield code="a">videodisc</marc:subfield>
			<marc:subfield code="b">vf</marc:subfield>
			<marc:subfield code="2">rdacarrier</marc:subfield>
		</marc:datafield>
		<marc:datafield tag="380" ind1=" " ind2=" ">
			<marc:subfield code="a">Motion picture</marc:subfield>
		</marc:datafield>
		<marc:datafield tag="511" ind1="1" ind2=" ">
			<marc:subfield code="a">David Jason, Sean Astin, Tim Curry.</marc:subfield>
		</marc:datafield>
		<marc:datafield tag="520" ind1=" " ind2=" ">
			<marc:subfield code="a">Tourist Twoflower is on holiday in Ankh-Morpork when a terrible fire breaks out, forcing him to flee the city alongside incompetent wizard, Rincewind. As the clueless pair set out on a magical journey across the disc, neither realizes that they are merely pawns in an elaborate board game being played by the gods. After encountering a pair of barbarians on their way out of Morpork, Twoflower and Rincewind take a trip to an inverted mountain housing dragons that only exist in imagination, survive a fall off the edge of the disc during a perilous visit to the country Krull, and attempt to beat Rincewind's former classmate Trymon to a collection of eight spells that could save Discworld from total destruction.</marc:subfield>
		</marc:datafield>
		<marc:datafield tag="500" ind1=" " ind2=" ">
			<marc:subfield code="a">Summary adapted from All movie guide WWW site, viewed June 21, 2010.</marc:subfield>
		</marc:datafield>
		<marc:datafield tag="500" ind1=" " ind2=" ">
			<marc:subfield code="a">Episode no. 1-2.</marc:subfield>
		</marc:datafield>
		<marc:datafield tag="500" ind1=" " ind2=" ">
			<marc:subfield code="a">Based on the novel by Terry Pratchett.</marc:subfield>
		</marc:datafield>
		<marc:datafield tag="500" ind1=" " ind2=" ">
			<marc:subfield code="a">Sources used: video container; Copyright catalog online; Copyright description; Internet movie database WWW site, viewed June 21, 2010; All movie guide WWW site, viewed June 21, 2010.</marc:subfield>
		</marc:datafield>
		<marc:datafield tag="650" ind1=" " ind2=" ">
			<marc:subfield code="a">Discworld (fiktiv verden)</marc:subfield>
		</marc:datafield>
		<marc:datafield tag="655" ind1=" " ind2="7">
			<marc:subfield code="a">Fantastisk</marc:subfield>
			<marc:subfield code="2">lcgft</marc:subfield>
		</marc:datafield>
		<marc:datafield tag="655" ind1=" " ind2="7">
			<marc:subfield code="a">Fjernsynsserie</marc:subfield>
			<marc:subfield code="2">lcgft</marc:subfield>
		</marc:datafield>
		<marc:datafield tag="700" ind1="1" ind2=" ">
			<marc:subfield code="a">Pratchett, Terry.</marc:subfield>
			<marc:subfield code="t">Colour of magic.</marc:subfield>
			<marc:subfield code="0">http://viaf.org/viaf/188307651</marc:subfield>
		</marc:datafield>
		<marc:datafield tag="710" ind1="2" ind2=" ">
			<marc:subfield code="a">Copyright Collection (Library of Congress)</marc:subfield>
			<marc:subfield code="5">DLC</marc:subfield>
		</marc:datafield>
	</marc:record>