
	<marc:record>
		<marc:leader>01351cgm a22003373a 4500</marc:leader>
		<marc:controlfield tag="001">13015540</marc:controlfield>
		<marc:controlfield tag="005">20031222140044.0</marc:controlfield>
		<marc:controlfield tag="007">vd cvaiz|</marc:controlfield>
		<marc:controlfield tag="008">021127s1997    xxu140            vleng d</marc:controlfield>
		<marc:datafield tag="010" ind1=" " ind2=" ">
			<marc:subfield code="a">  2002319261</marc:subfield>
		</marc:datafield>
		<marc:datafield tag="035" ind1=" " ind2=" ">
			<marc:subfield code="a">(OCoLC)ocm43868253</marc:subfield>
		</marc:datafield>
		<marc:datafield tag="040" ind1=" " ind2=" ">
			<marc:subfield code="a">VSB</marc:subfield>
			<marc:subfield code="c">VSB</marc:subfield>
			<marc:subfield code="d">DLC</marc:subfield>
			<marc:subfield code="e">amim</marc:subfield>
		</marc:datafield>
		<marc:datafield tag="042" ind1=" " ind2=" ">
			<marc:subfield code="a">lccopycat</marc:subfield>
		</marc:datafield>
		<marc:datafield tag="050" ind1="0" ind2="0">
			<marc:subfield code="a">DVA 1124 (viewing copy)</marc:subfield>
		</marc:datafield>
		<marc:datafield tag="245" ind1="0" ind2="0">
			<marc:subfield code="a">Wyrd Sisters /</marc:subfield>
			<marc:subfield code="c">Channel 4 TV, Cosgrove Hall Films Ltd., Ventureworld Films Ltd. and ITEL.</marc:subfield>
		</marc:datafield>
		<marc:datafield tag="246" ind1="3" ind2=" ">
			<marc:subfield code="i">Title on container:</marc:subfield>
			<marc:subfield code="a">Terry Pratchett's Discworld :</marc:subfield>
			<marc:subfield code="b">Wyrd Sisters.</marc:subfield>
		</marc:datafield>
		<marc:datafield tag="257" ind1=" " ind2=" ">
			<marc:subfield code="a">United States</marc:subfield>
		</marc:datafield>
		<marc:datafield tag="260" ind1=" " ind2=" ">
			<marc:subfield code="a">United States :</marc:subfield>
			<marc:subfield code="b">Acorn Media,</marc:subfield>
			<marc:subfield code="c">1997.</marc:subfield>
		</marc:datafield>
		<marc:datafield tag="300" ind1=" " ind2=" ">
			<marc:subfield code="a">1 videodisc of 1 (DVD) (ca. 140 min.):</marc:subfield>
			<marc:subfield code="b">sd., col. ;</marc:subfield>
			<marc:subfield code="c">4 3/4 in.</marc:subfield>
			<marc:subfield code="3">viewing copy.</marc:subfield>
		</marc:datafield>
		<marc:datafield tag="336" ind1=" " ind2=" ">
			<marc:subfield code="a">two-dimensional moving image</marc:subfield>
			<marc:subfield code="b">tdi</marc:subfield>
			<marc:subfield code="2">rdacontent</marc:subfield>
		</marc:datafield>
		<marc:datafield tag="337" ind1=" " ind2=" ">
			<marc:subfield code="a">projected</marc:subfield>
			<marc:subfield code="b">g</marc:subfield>
			<marc:subfield code="2">rdamedia</marc:subfield>
		</marc:datafield>
		<marc:datafield tag="338" ind1=" " ind2=" ">
			<marc:subfield code="a">videodisc</marc:subfield>
			<marc:subfield code="b">vd</marc:subfield>
			<marc:subfield code="2">rdacarrier</marc:subfield>
		</marc:datafield>
		<marc:datafield tag="380" ind1=" " ind2=" ">
			<marc:subfield code="a">Videorecording</marc:subfield>
		</marc:datafield>
		<marc:datafield tag="520" ind1=" " ind2=" ">
			<marc:subfield code="a">A sci-fi fantasy tale of sorcery and spells, witches and warts, and a fool who's smarter than he looks.</marc:subfield>
		</marc:datafield>
		<marc:datafield tag="541" ind1=" " ind2=" ">
			<marc:subfield code="d">Received: 10/16/2003;</marc:subfield>
			<marc:subfield code="3">viewing copy;</marc:subfield>
			<marc:subfield code="c">copyright deposit--407;</marc:subfield>
			<marc:subfield code="a">Copyright Collection.</marc:subfield>
		</marc:datafield>
		<marc:datafield tag="650" ind1=" " ind2=" ">
			<marc:subfield code="a">Discworld (fiktiv verden)</marc:subfield>
		</marc:datafield>
		<marc:datafield tag="655" ind1=" " ind2="7">
			<marc:subfield code="a">Fantastisk</marc:subfield>
		</marc:datafield>
		<marc:datafield tag="655" ind1=" " ind2="7">
			<marc:subfield code="a">Fjernsynsserie</marc:subfield>
		</marc:datafield>
		<marc:datafield tag="700" ind1="1" ind2=" ">
			<marc:subfield code="a">Pratchett, Terry.</marc:subfield>
			<marc:subfield code="4">hnr</marc:subfield>
			<marc:subfield code="0">https://viaf.org/viaf/76382712</marc:subfield>
		</marc:datafield>
		<marc:datafield tag="710" ind1="2" ind2=" ">
			<marc:subfield code="a">Acorn Media (Firm)</marc:subfield>
		</marc:datafield>
		<marc:datafield tag="710" ind1="2" ind2=" ">
			<marc:subfield code="a">Copyright Collection (Library of Congress)</marc:subfield>
			<marc:subfield code="5">DLC</marc:subfield>
		</marc:datafield>
	</marc:record>