
	<marc:record>
		<marc:leader>00867cam a2200289 a 4500</marc:leader>
		<marc:controlfield tag="001">12173829</marc:controlfield>
		<marc:controlfield tag="005">20021017164431.0</marc:controlfield>
		<marc:controlfield tag="008">000914s1998    enk           000 0 eng  </marc:controlfield>
		<marc:datafield tag="010" ind1=" " ind2=" ">
			<marc:subfield code="a">   00703031 </marc:subfield>
		</marc:datafield>
		<marc:datafield tag="020" ind1=" " ind2=" ">
			<marc:subfield code="a">0573018294</marc:subfield>
		</marc:datafield>
		<marc:datafield tag="040" ind1=" " ind2=" ">
			<marc:subfield code="a">DLC</marc:subfield>
			<marc:subfield code="c">DLC</marc:subfield>
			<marc:subfield code="d">DLC</marc:subfield>
		</marc:datafield>
		<marc:datafield tag="050" ind1="0" ind2="0">
			<marc:subfield code="a">PR6066.R34</marc:subfield>
			<marc:subfield code="b">M37 1998</marc:subfield>
		</marc:datafield>
		<marc:datafield tag="082" ind1="0" ind2="0">
			<marc:subfield code="a">822/.914</marc:subfield>
			<marc:subfield code="2">21</marc:subfield>
		</marc:datafield>
		<marc:datafield tag="100" ind1="1" ind2=" ">
			<marc:subfield code="a">Briggs, Stephen,</marc:subfield>
			<marc:subfield code="d">1951-</marc:subfield>
			<marc:subfield code="4">adp</marc:subfield>
			<marc:subfield code="0">https://viaf.org/viaf/107598413</marc:subfield>
		</marc:datafield>
		<marc:datafield tag="245" ind1="1" ind2="0">
			<marc:subfield code="a">Maskerade /</marc:subfield>
			<marc:subfield code="c">Terry Pratchett; adapted for the stage by Stephen Briggs.</marc:subfield>
		</marc:datafield>
		<marc:datafield tag="246" ind1="3" ind2="0">
			<marc:subfield code="a">Maskerade</marc:subfield>
		</marc:datafield>
		<marc:datafield tag="260" ind1=" " ind2=" ">
			<marc:subfield code="a">London ;</marc:subfield>
			<marc:subfield code="a">New York :</marc:subfield>
			<marc:subfield code="b">S. French,</marc:subfield>
			<marc:subfield code="c">c1998.</marc:subfield>
		</marc:datafield>
		<marc:datafield tag="300" ind1=" " ind2=" ">
			<marc:subfield code="a">99 p. ;</marc:subfield>
			<marc:subfield code="c">22 cm.</marc:subfield>
		</marc:datafield>
		<marc:datafield tag="336" ind1=" " ind2=" ">
			<marc:subfield code="a">text</marc:subfield>
			<marc:subfield code="b">txt</marc:subfield>
			<marc:subfield code="2">rdacontent</marc:subfield>
		</marc:datafield>
		<marc:datafield tag="337" ind1=" " ind2=" ">
			<marc:subfield code="a">unmediated</marc:subfield>
			<marc:subfield code="b">n</marc:subfield>
			<marc:subfield code="2">rdamedia</marc:subfield>
		</marc:datafield>
		<marc:datafield tag="338" ind1=" " ind2=" ">
			<marc:subfield code="a">volume</marc:subfield>
			<marc:subfield code="b">nc</marc:subfield>
			<marc:subfield code="2">rdacarrier</marc:subfield>
		</marc:datafield>
		<marc:datafield tag="650" ind1=" " ind2="0">
			<marc:subfield code="a">Discworld (fiktiv verden)</marc:subfield>
		</marc:datafield>
		<marc:datafield tag="650" ind1=" " ind2="0">
			<marc:subfield code="a">Opera</marc:subfield>
		</marc:datafield>
		<marc:datafield tag="650" ind1=" " ind2="0">
			<marc:subfield code="a">Hekser</marc:subfield>
		</marc:datafield>
		<marc:datafield tag="655" ind1=" " ind2=" ">
			<marc:subfield code="a">Skuespill</marc:subfield>
		</marc:datafield>
		<marc:datafield tag="655" ind1=" " ind2=" ">
			<marc:subfield code="a">Fantastisk</marc:subfield>
		</marc:datafield>
		<marc:datafield tag="700" ind1="1" ind2=" ">
			<marc:subfield code="a">Pratchett, Terry.</marc:subfield>
			<marc:subfield code="t">Maskerade.</marc:subfield>
			<marc:subfield code="0">https://viaf.org/viaf/1180145424653286831401</marc:subfield>
		</marc:datafield>
	</marc:record>