
	<marc:record>
		<marc:leader>01077cam a2200337 a 4500</marc:leader>
		<marc:controlfield tag="001">12461631</marc:controlfield>
		<marc:controlfield tag="005">20130521135205.0</marc:controlfield>
		<marc:controlfield tag="008">010705s2001    nyua   c      000 1 eng  </marc:controlfield>
		<marc:datafield tag="010" ind1=" " ind2=" ">
			<marc:subfield code="a">  2001042411</marc:subfield>
		</marc:datafield>
		<marc:datafield tag="020" ind1=" " ind2=" ">
			<marc:subfield code="a">0060012331</marc:subfield>
		</marc:datafield>
		<marc:datafield tag="040" ind1=" " ind2=" ">
			<marc:subfield code="a">DLC</marc:subfield>
			<marc:subfield code="c">DLC</marc:subfield>
			<marc:subfield code="d">DLC</marc:subfield>
		</marc:datafield>
		<marc:datafield tag="042" ind1=" " ind2=" ">
			<marc:subfield code="a">lcac</marc:subfield>
		</marc:datafield>
		<marc:datafield tag="050" ind1="0" ind2="0">
			<marc:subfield code="a">PZ7.P8865</marc:subfield>
			<marc:subfield code="b">Am 2001</marc:subfield>
		</marc:datafield>
		<marc:datafield tag="082" ind1="0" ind2="0">
			<marc:subfield code="a">[Fic]</marc:subfield>
			<marc:subfield code="2">21</marc:subfield>
		</marc:datafield>
		<marc:datafield tag="100" ind1="1" ind2=" ">
			<marc:subfield code="a">Pratchett, Terry.</marc:subfield>
			<marc:subfield code="4">aut</marc:subfield>
			<marc:subfield code="0">https://viaf.org/viaf/76382712</marc:subfield>
		</marc:datafield>
		<marc:datafield tag="245" ind1="1" ind2="4">
			<marc:subfield code="a">The amazing Maurice and his educated rodents /</marc:subfield>
			<marc:subfield code="c">Terry Pratchett.</marc:subfield>
		</marc:datafield>
		<marc:datafield tag="250" ind1=" " ind2=" ">
			<marc:subfield code="a">1st ed.</marc:subfield>
		</marc:datafield>
		<marc:datafield tag="260" ind1=" " ind2=" ">
			<marc:subfield code="a">New York :</marc:subfield>
			<marc:subfield code="b">HarperCollins, Publishers,</marc:subfield>
			<marc:subfield code="c">c2001.</marc:subfield>
		</marc:datafield>
		<marc:datafield tag="300" ind1=" " ind2=" ">
			<marc:subfield code="a">241 p. :</marc:subfield>
			<marc:subfield code="b">ill. ;</marc:subfield>
			<marc:subfield code="c">24 cm.</marc:subfield>
		</marc:datafield>
		<marc:datafield tag="336" ind1=" " ind2=" ">
			<marc:subfield code="a">text</marc:subfield>
			<marc:subfield code="b">txt</marc:subfield>
			<marc:subfield code="2">rdacontent</marc:subfield>
		</marc:datafield>
		<marc:datafield tag="337" ind1=" " ind2=" ">
			<marc:subfield code="a">unmediated</marc:subfield>
			<marc:subfield code="b">n</marc:subfield>
			<marc:subfield code="2">rdamedia</marc:subfield>
		</marc:datafield>
		<marc:datafield tag="338" ind1=" " ind2=" ">
			<marc:subfield code="a">volume</marc:subfield>
			<marc:subfield code="b">nc</marc:subfield>
			<marc:subfield code="2">rdacarrier</marc:subfield>
		</marc:datafield>
		<marc:datafield tag="380" ind1=" " ind2=" ">
			<marc:subfield code="a">Fiction</marc:subfield>
		</marc:datafield>
		<marc:datafield tag="520" ind1=" " ind2=" ">
			<marc:subfield code="a">A talking cat, intelligent rats, and a strange boy cooperate in a Pied Piper scam until they try to con the wrong town and are confronted by a deadly evil rat king.</marc:subfield>
		</marc:datafield>
		<marc:datafield tag="650" ind1=" " ind2=" ">
			<marc:subfield code="a">Rotter</marc:subfield>
		</marc:datafield>
		<marc:datafield tag="650" ind1=" " ind2=" ">
			<marc:subfield code="a">Katter</marc:subfield>
		</marc:datafield>
		<marc:datafield tag="650" ind1=" " ind2=" ">
			<marc:subfield code="a">Musikere</marc:subfield>
		</marc:datafield>
		<marc:datafield tag="650" ind1=" " ind2=" ">
			<marc:subfield code="a">Svindlere</marc:subfield>
		</marc:datafield>
		<marc:datafield tag="650" ind1=" " ind2=" ">
			<marc:subfield code="a">Svindel</marc:subfield>
		</marc:datafield>
		<marc:datafield tag="655" ind1=" " ind2=" ">
			<marc:subfield code="a">Humoristisk</marc:subfield>
		</marc:datafield>
		<marc:datafield tag="655" ind1=" " ind2=" ">
			<marc:subfield code="a">Fantastisk</marc:subfield>
		</marc:datafield>
	</marc:record>