
	<marc:record>
		<marc:leader>02291cam a2200301 i 4500</marc:leader>
		<marc:controlfield tag="001">17643905</marc:controlfield>
		<marc:controlfield tag="005">20130408132901.0</marc:controlfield>
		<marc:controlfield tag="008">130207s2012    enk           000 j eng  </marc:controlfield>
		<marc:datafield tag="010" ind1=" " ind2=" ">
			<marc:subfield code="a">  2013376555</marc:subfield>
		</marc:datafield>
		<marc:datafield tag="020" ind1=" " ind2=" ">
			<marc:subfield code="a">9780385618984 (hbk.)</marc:subfield>
		</marc:datafield>
		<marc:datafield tag="020" ind1=" " ind2=" ">
			<marc:subfield code="z">9781409043997 (ebk.)</marc:subfield>
		</marc:datafield>
		<marc:datafield tag="040" ind1=" " ind2=" ">
			<marc:subfield code="a">DLC</marc:subfield>
			<marc:subfield code="b">eng</marc:subfield>
			<marc:subfield code="c">DLC</marc:subfield>
			<marc:subfield code="e">rda</marc:subfield>
		</marc:datafield>
		<marc:datafield tag="042" ind1=" " ind2=" ">
			<marc:subfield code="a">pcc</marc:subfield>
		</marc:datafield>
		<marc:datafield tag="050" ind1="0" ind2="0">
			<marc:subfield code="a">PR6066.R34</marc:subfield>
			<marc:subfield code="b">B58 2012</marc:subfield>
		</marc:datafield>
		<marc:datafield tag="100" ind1="1" ind2=" ">
			<marc:subfield code="a">Pratchett, Terry.</marc:subfield>
			<marc:subfield code="4">aut</marc:subfield>
			<marc:subfield code="0">https://viaf.org/viaf/76382712</marc:subfield>
		</marc:datafield>
		<marc:datafield tag="240" ind1="1" ind2="0">
			<marc:subfield code="a">Short stories.</marc:subfield>
			<marc:subfield code="k">Selections</marc:subfield>
			<marc:subfield code="0">http://viaf.org/viaf/311461527</marc:subfield>
		</marc:datafield>
		<marc:datafield tag="245" ind1="1" ind2="2">
			<marc:subfield code="a">A blink of the screen :</marc:subfield>
			<marc:subfield code="b">collected shorter fiction /</marc:subfield>
			<marc:subfield code="c">Terry Pratchett ; [with a foreword by A.S. Byatt].</marc:subfield>
		</marc:datafield>
		<marc:datafield tag="264" ind1=" " ind2="1">
			<marc:subfield code="a">London :</marc:subfield>
			<marc:subfield code="b">Doubleday,</marc:subfield>
			<marc:subfield code="c">2012.</marc:subfield>
		</marc:datafield>
		<marc:datafield tag="300" ind1=" " ind2=" ">
			<marc:subfield code="a">318 pages ;</marc:subfield>
			<marc:subfield code="c">24 cm</marc:subfield>
		</marc:datafield>
		<marc:datafield tag="336" ind1=" " ind2=" ">
			<marc:subfield code="a">text</marc:subfield>
			<marc:subfield code="b">txt</marc:subfield>
			<marc:subfield code="2">rdacontent</marc:subfield>
		</marc:datafield>
		<marc:datafield tag="337" ind1=" " ind2=" ">
			<marc:subfield code="a">unmediated</marc:subfield>
			<marc:subfield code="b">n</marc:subfield>
			<marc:subfield code="2">rdamedia</marc:subfield>
		</marc:datafield>
		<marc:datafield tag="338" ind1=" " ind2=" ">
			<marc:subfield code="a">volume</marc:subfield>
			<marc:subfield code="b">nc</marc:subfield>
			<marc:subfield code="2">rdacarrier</marc:subfield>
		</marc:datafield>
		<marc:datafield tag="380" ind1=" " ind2=" ">
			<marc:subfield code="a">Short story</marc:subfield>
		</marc:datafield>
		<marc:datafield tag="505" ind1="0" ind2="0">
			<marc:subfield code="g">Pt. 1.</marc:subfield>
			<marc:subfield code="t">Non-Discworld shorter writings.</marc:subfield>
			<marc:subfield code="t">The Hades business --</marc:subfield>
			<marc:subfield code="t">Solution --</marc:subfield>
			<marc:subfield code="t">The picture --</marc:subfield>
			<marc:subfield code="t">The prince and the partridge --</marc:subfield>
			<marc:subfield code="t">Rincemangle, the gnome of Even Moor --</marc:subfield>
			<marc:subfield code="t">Kindly breathe in short, thick pants --</marc:subfield>
			<marc:subfield code="t">The Glastonbury tales --</marc:subfield>
			<marc:subfield code="t">There's no fool like and old fool found in an English queue --</marc:subfield>
			<marc:subfield code="t">Coo, they've given me the bird --</marc:subfield>
			<marc:subfield code="t">And mind the monoliths --</marc:subfield>
			<marc:subfield code="t">The High Meggas --</marc:subfield>
			<marc:subfield code="t">Twenty pence, with envelope and seasonal greeting --</marc:subfield>
			<marc:subfield code="t">Incubust --</marc:subfield>
			<marc:subfield code="t">Final reward --</marc:subfield>
			<marc:subfield code="t">Turntables of the night --</marc:subfield>
			<marc:subfield code="t">#ifdefDEBUG + 'world/enough' + 'time' --</marc:subfield>
			<marc:subfield code="t">Hollywood chickens --</marc:subfield>
			<marc:subfield code="t">The secret book of the dead --</marc:subfield>
			<marc:subfield code="t">Once and future --</marc:subfield>
			<marc:subfield code="t">FTB --</marc:subfield>
			<marc:subfield code="t">Sir Joshua Easement : a biographical note.</marc:subfield>
		</marc:datafield>
		<marc:datafield tag="505" ind1="0" ind2="0">
			<marc:subfield code="g">Pt. 2.</marc:subfield>
			<marc:subfield code="t">Discworld shorter writings.</marc:subfield>
			<marc:subfield code="t">Troll bridge --</marc:subfield>
			<marc:subfield code="t">Theatre of cruelty --</marc:subfield>
			<marc:subfield code="t">The seas and little fishes --</marc:subfield>
			<marc:subfield code="t">The Ankh-Morpork national anthem --</marc:subfield>
			<marc:subfield code="t">Medical notes --</marc:subfield>
			<marc:subfield code="t">Thud : a historical perspective --</marc:subfield>
			<marc:subfield code="t">A few words from Lord Havelock Vetinari --</marc:subfield>
			<marc:subfield code="t">Death and what comes next --</marc:subfield>
			<marc:subfield code="t">A collegiate casting-out of devilish devices --</marc:subfield>
			<marc:subfield code="t">Minutes of the meeting to form the proposed Ankh-Morpork Federation of Scouts --</marc:subfield>
			<marc:subfield code="t">The Ankh-Morpork Football Association Hall of Fame playing cards.</marc:subfield>
		</marc:datafield>
		<marc:datafield tag="520" ind1=" " ind2=" ">
			<marc:subfield code="a">In the four decades since his first book appeared in print, Terry Pratchett has become one of the world's best-selling and best-loved authors. Here for the first time are his short stories and other short-form fiction collected into one volume.</marc:subfield>
		</marc:datafield>
		<marc:datafield tag="655" ind1=" " ind2=" ">
			<marc:subfield code="a">Fantastisk</marc:subfield>
		</marc:datafield>
		<marc:datafield tag="655" ind1=" " ind2=" ">
			<marc:subfield code="a">Noveller</marc:subfield>
		</marc:datafield>
	</marc:record>