
	<marc:record>
		<marc:leader>01400cam a2200373 a 4500</marc:leader>
		<marc:controlfield tag="001">17372943</marc:controlfield>
		<marc:controlfield tag="005">20161012085205.0</marc:controlfield>
		<marc:controlfield tag="008">120703s2012    nyu    j      000 1 eng  </marc:controlfield>
		<marc:datafield tag="010" ind1=" " ind2=" ">
			<marc:subfield code="a">  2012022155</marc:subfield>
		</marc:datafield>
		<marc:datafield tag="020" ind1=" " ind2=" ">
			<marc:subfield code="a">9780062009494 (trade bdg.)</marc:subfield>
		</marc:datafield>
		<marc:datafield tag="020" ind1=" " ind2=" ">
			<marc:subfield code="a">9780062009500 (lib. bdg.)</marc:subfield>
		</marc:datafield>
		<marc:datafield tag="040" ind1=" " ind2=" ">
			<marc:subfield code="a">DLC</marc:subfield>
			<marc:subfield code="c">DLC</marc:subfield>
			<marc:subfield code="d">DLC</marc:subfield>
		</marc:datafield>
		<marc:datafield tag="042" ind1=" " ind2=" ">
			<marc:subfield code="a">pcc</marc:subfield>
			<marc:subfield code="a">lcac</marc:subfield>
		</marc:datafield>
		<marc:datafield tag="050" ind1="0" ind2="0">
			<marc:subfield code="a">PZ7.P8865</marc:subfield>
			<marc:subfield code="b">Dod 2012</marc:subfield>
		</marc:datafield>
		<marc:datafield tag="082" ind1="0" ind2="0">
			<marc:subfield code="a">[Fic]</marc:subfield>
			<marc:subfield code="2">23</marc:subfield>
		</marc:datafield>
		<marc:datafield tag="084" ind1=" " ind2=" ">
			<marc:subfield code="a">JUV016040</marc:subfield>
			<marc:subfield code="a">JUV001000</marc:subfield>
			<marc:subfield code="a">JUV019000</marc:subfield>
			<marc:subfield code="2">bisacsh</marc:subfield>
		</marc:datafield>
		<marc:datafield tag="100" ind1="1" ind2=" ">
			<marc:subfield code="a">Pratchett, Terry.</marc:subfield>
			<marc:subfield code="4">aut</marc:subfield>
			<marc:subfield code="0">https://viaf.org/viaf/76382712</marc:subfield>
		</marc:datafield>
		<marc:datafield tag="245" ind1="1" ind2="0">
			<marc:subfield code="a">Dodger /</marc:subfield>
			<marc:subfield code="c">Terry Pratchett.</marc:subfield>
		</marc:datafield>
		<marc:datafield tag="250" ind1=" " ind2=" ">
			<marc:subfield code="a">1st ed.</marc:subfield>
		</marc:datafield>
		<marc:datafield tag="260" ind1=" " ind2=" ">
			<marc:subfield code="a">New York :</marc:subfield>
			<marc:subfield code="b">HarperCollins,</marc:subfield>
			<marc:subfield code="c">c2012.</marc:subfield>
		</marc:datafield>
		<marc:datafield tag="300" ind1=" " ind2=" ">
			<marc:subfield code="a">360 p. ;</marc:subfield>
			<marc:subfield code="c">24 cm.</marc:subfield>
		</marc:datafield>
		<marc:datafield tag="336" ind1=" " ind2=" ">
			<marc:subfield code="a">text</marc:subfield>
			<marc:subfield code="b">txt</marc:subfield>
			<marc:subfield code="2">rdacontent</marc:subfield>
		</marc:datafield>
		<marc:datafield tag="337" ind1=" " ind2=" ">
			<marc:subfield code="a">unmediated</marc:subfield>
			<marc:subfield code="b">n</marc:subfield>
			<marc:subfield code="2">rdamedia</marc:subfield>
		</marc:datafield>
		<marc:datafield tag="338" ind1=" " ind2=" ">
			<marc:subfield code="a">volume</marc:subfield>
			<marc:subfield code="b">nc</marc:subfield>
			<marc:subfield code="2">rdacarrier</marc:subfield>
		</marc:datafield>
		<marc:datafield tag="380" ind1=" " ind2=" ">
			<marc:subfield code="a">Fiction</marc:subfield>
		</marc:datafield>
		<marc:datafield tag="520" ind1=" " ind2=" ">
			<marc:subfield code="a">"In an alternative version of Victorian London, a seventeen-year-old Dodger, a cunning and cheeky street urchin, unexpectedly rises in life when he saves a mysterious girl, meets Charles Dickens, and unintentionally puts a stop to the murders of Sweeney Todd"--</marc:subfield>
			<marc:subfield code="c">Provided by publisher.</marc:subfield>
		</marc:datafield>
		<marc:datafield tag="600" ind1="1" ind2="1">
			<marc:subfield code="a">Dickens, Charles,</marc:subfield>
			<marc:subfield code="d">1812-1870</marc:subfield>
		</marc:datafield>
		<marc:datafield tag="650" ind1=" " ind2="1">
			<marc:subfield code="a">Eventyrere</marc:subfield>
		</marc:datafield>
		<marc:datafield tag="650" ind1=" " ind2="1">
			<marc:subfield code="a">Kjærlighet</marc:subfield>
		</marc:datafield>
		<marc:datafield tag="650" ind1=" " ind2="1">
			<marc:subfield code="a">Todd, Sweeney (fiktiv person)</marc:subfield>
		</marc:datafield>
		<marc:datafield tag="651" ind1=" " ind2="1">
			<marc:subfield code="a">London (England)</marc:subfield>
			<marc:subfield code="x">Historie</marc:subfield>
			<marc:subfield code="y">1800-tallet</marc:subfield>
		</marc:datafield>
		<marc:datafield tag="651" ind1=" " ind2="1">
			<marc:subfield code="a">Storbritannia</marc:subfield>
			<marc:subfield code="x">Historie</marc:subfield>
			<marc:subfield code="y">1837-1901</marc:subfield>
		</marc:datafield>
		<marc:datafield tag="655" ind1=" " ind2=" ">
			<marc:subfield code="a">Humoristisk</marc:subfield>
		</marc:datafield>
		<marc:datafield tag="655" ind1=" " ind2=" ">
			<marc:subfield code="a">Ungdomslitteratur</marc:subfield>
		</marc:datafield>
	</marc:record>