
	<marc:record>
		<marc:leader>01953cam a2200373 i 4500</marc:leader>
		<marc:controlfield tag="001">18231428</marc:controlfield>
		<marc:controlfield tag="005">20180820082126.0</marc:controlfield>
		<marc:controlfield tag="008">140718t20152014maua   c      000 1 eng  </marc:controlfield>
		<marc:datafield tag="010" ind1=" " ind2=" ">
			<marc:subfield code="a">  2014024233</marc:subfield>
		</marc:datafield>
		<marc:datafield tag="020" ind1=" " ind2=" ">
			<marc:subfield code="a">9780544466593 (hardback)</marc:subfield>
		</marc:datafield>
		<marc:datafield tag="020" ind1=" " ind2=" ">
			<marc:subfield code="a">9780544813137 (paperback)</marc:subfield>
		</marc:datafield>
		<marc:datafield tag="040" ind1=" " ind2=" ">
			<marc:subfield code="a">DLC</marc:subfield>
			<marc:subfield code="b">eng</marc:subfield>
			<marc:subfield code="c">DLC</marc:subfield>
			<marc:subfield code="e">rda</marc:subfield>
			<marc:subfield code="d">DLC</marc:subfield>
		</marc:datafield>
		<marc:datafield tag="042" ind1=" " ind2=" ">
			<marc:subfield code="a">lcac</marc:subfield>
			<marc:subfield code="a">pcc</marc:subfield>
		</marc:datafield>
		<marc:datafield tag="050" ind1="0" ind2="0">
			<marc:subfield code="a">PZ7.P8865</marc:subfield>
			<marc:subfield code="b">Dr 2015</marc:subfield>
		</marc:datafield>
		<marc:datafield tag="082" ind1="0" ind2="0">
			<marc:subfield code="a">[Fic]</marc:subfield>
			<marc:subfield code="2">23</marc:subfield>
		</marc:datafield>
		<marc:datafield tag="084" ind1=" " ind2=" ">
			<marc:subfield code="a">JUV019000</marc:subfield>
			<marc:subfield code="a">JUV037000</marc:subfield>
			<marc:subfield code="a">JUV001000</marc:subfield>
			<marc:subfield code="a">JUV038000</marc:subfield>
			<marc:subfield code="a">JUV053000</marc:subfield>
			<marc:subfield code="2">bisacsh</marc:subfield>
		</marc:datafield>
		<marc:datafield tag="100" ind1="1" ind2=" ">
			<marc:subfield code="a">Pratchett, Terry,</marc:subfield>
			<marc:subfield code="e">author.</marc:subfield>
			<marc:subfield code="4">aut</marc:subfield>
			<marc:subfield code="0">https://viaf.org/viaf/76382712</marc:subfield>
		</marc:datafield>
		<marc:datafield tag="240" ind1="1" ind2="0">
			<marc:subfield code="a">Short stories.</marc:subfield>
			<marc:subfield code="k">Selections</marc:subfield>
			<marc:subfield code="0">http://viaf.org/viaf/311461527</marc:subfield>
		</marc:datafield>
		<marc:datafield tag="245" ind1="1" ind2="0">
			<marc:subfield code="a">Dragons at Crumbling Castle :</marc:subfield>
			<marc:subfield code="b">and other tales /</marc:subfield>
			<marc:subfield code="c">Terry Pratchett ; illustrations by Mark Beech.</marc:subfield>
		</marc:datafield>
		<marc:datafield tag="250" ind1=" " ind2=" ">
			<marc:subfield code="a">First U.S. edition.</marc:subfield>
		</marc:datafield>
		<marc:datafield tag="264" ind1=" " ind2="1">
			<marc:subfield code="a">Boston ;</marc:subfield>
			<marc:subfield code="a">New York :</marc:subfield>
			<marc:subfield code="b">Clarion Books, Houghton Mifflin Harcourt,</marc:subfield>
			<marc:subfield code="c">2015, [2014]</marc:subfield>
		</marc:datafield>
		<marc:datafield tag="264" ind1=" " ind2="4">
			<marc:subfield code="c">©2014</marc:subfield>
		</marc:datafield>
		<marc:datafield tag="300" ind1=" " ind2=" ">
			<marc:subfield code="a">336 pages :</marc:subfield>
			<marc:subfield code="b">illustrations ;</marc:subfield>
			<marc:subfield code="c">22 cm</marc:subfield>
		</marc:datafield>
		<marc:datafield tag="336" ind1=" " ind2=" ">
			<marc:subfield code="a">text</marc:subfield>
			<marc:subfield code="b">txt</marc:subfield>
			<marc:subfield code="2">rdacontent</marc:subfield>
		</marc:datafield>
		<marc:datafield tag="337" ind1=" " ind2=" ">
			<marc:subfield code="a">unmediated</marc:subfield>
			<marc:subfield code="b">n</marc:subfield>
			<marc:subfield code="2">rdamedia</marc:subfield>
		</marc:datafield>
		<marc:datafield tag="338" ind1=" " ind2=" ">
			<marc:subfield code="a">volume</marc:subfield>
			<marc:subfield code="b">nc</marc:subfield>
			<marc:subfield code="2">rdacarrier</marc:subfield>
		</marc:datafield>
		<marc:datafield tag="380" ind1=" " ind2=" ">
			<marc:subfield code="a">Fiction</marc:subfield>
		</marc:datafield>
		<marc:datafield tag="520" ind1=" " ind2=" ">
			<marc:subfield code="a">An illustrated collection of fourteen short stories featuring "dragons and wizards, councilors and mayors, an adventurous tortoise and a monster in a lake, along with plenty of pointy hats and a few magic spells" written when the author was a teenaged newspaper reporter.</marc:subfield>
		</marc:datafield>
		<marc:datafield tag="505" ind1="0" ind2=" ">
			<marc:subfield code="a">Dragons at Crumbling Castle -- Hercules the tortoise  -- The Great Speck -- Hunt the Snorry -- Tales of the Carpet People -- Dok the Caveman -- The Big Race -- Another Tale of the Carpet People -- The Great Egg-dancing Championship -- Edwo, the boring knight -- The 59A bus goes back in time -- The Abominable Snowman -- The Blackbury monster -- Father Christmas goes to work.</marc:subfield>
		</marc:datafield>
		<marc:datafield tag="655" ind1=" " ind2=" ">
			<marc:subfield code="a">Humoristisk</marc:subfield>
		</marc:datafield>
		<marc:datafield tag="655" ind1=" " ind2=" ">
			<marc:subfield code="a">Noveller</marc:subfield>
		</marc:datafield>
		<marc:datafield tag="655" ind1=" " ind2=" ">
			<marc:subfield code="a">Ungdomslitteratur</marc:subfield>
		</marc:datafield>
		<marc:datafield tag="655" ind1=" " ind2=" ">
			<marc:subfield code="a">Fantastisk</marc:subfield>
		</marc:datafield>
		<marc:datafield tag="700" ind1="1" ind2=" ">
			<marc:subfield code="a">Beech, Mark,</marc:subfield>
			<marc:subfield code="d">1971-</marc:subfield>
			<marc:subfield code="e">illustrator.</marc:subfield>
			<marc:subfield code="4">ill</marc:subfield>
			<marc:subfield code="0">https://viaf.org/viaf/56942416</marc:subfield>
		</marc:datafield>
	</marc:record>