
	<marc:record>
		<marc:leader>01275cam a22003137i 4500</marc:leader>
		<marc:controlfield tag="001">14683571</marc:controlfield>
		<marc:controlfield tag="005">20180505142348.0</marc:controlfield>
		<marc:controlfield tag="008">061229s2008    nyua   j      000 1 eng d</marc:controlfield>
		<marc:datafield tag="010" ind1=" " ind2=" ">
			<marc:subfield code="a">  2006941044</marc:subfield>
		</marc:datafield>
		<marc:datafield tag="020" ind1=" " ind2=" ">
			<marc:subfield code="a">9780061340802 (hbk)</marc:subfield>
		</marc:datafield>
		<marc:datafield tag="020" ind1=" " ind2=" ">
			<marc:subfield code="a">0061340804</marc:subfield>
		</marc:datafield>
		<marc:datafield tag="035" ind1=" " ind2=" ">
			<marc:subfield code="a">(OCoLC)ocn144226723</marc:subfield>
		</marc:datafield>
		<marc:datafield tag="040" ind1=" " ind2=" ">
			<marc:subfield code="a">BTCTA</marc:subfield>
			<marc:subfield code="b">eng</marc:subfield>
			<marc:subfield code="c">BTCTA</marc:subfield>
			<marc:subfield code="d">BAKER</marc:subfield>
			<marc:subfield code="d">JBF</marc:subfield>
			<marc:subfield code="d">LEO</marc:subfield>
			<marc:subfield code="d">GC9</marc:subfield>
			<marc:subfield code="d">OCLCF</marc:subfield>
			<marc:subfield code="d">OCLCQ</marc:subfield>
			<marc:subfield code="d">DLC</marc:subfield>
		</marc:datafield>
		<marc:datafield tag="050" ind1="0" ind2="0">
			<marc:subfield code="a">MLCM 2018/44172 (P)</marc:subfield>
		</marc:datafield>
		<marc:datafield tag="100" ind1="1" ind2=" ">
			<marc:subfield code="a">Pratchett, Terry,</marc:subfield>
			<marc:subfield code="e">author.</marc:subfield>
			<marc:subfield code="4">aut</marc:subfield>
			<marc:subfield code="0">https://viaf.org/viaf/76382712</marc:subfield>
		</marc:datafield>
		<marc:datafield tag="245" ind1="1" ind2="4">
			<marc:subfield code="a">The illustrated wee free men :</marc:subfield>
			<marc:subfield code="b">a story of Discworld /</marc:subfield>
			<marc:subfield code="c">Terry Pratchett ; illustrated by Stephen Player.</marc:subfield>
		</marc:datafield>
		<marc:datafield tag="246" ind1="3" ind2="0">
			<marc:subfield code="a">Wee free men</marc:subfield>
		</marc:datafield>
		<marc:datafield tag="250" ind1=" " ind2=" ">
			<marc:subfield code="a">First edition.</marc:subfield>
		</marc:datafield>
		<marc:datafield tag="260" ind1=" " ind2=" ">
			<marc:subfield code="a">New York :</marc:subfield>
			<marc:subfield code="b">Harpercollins Childrens Books,</marc:subfield>
			<marc:subfield code="c">2008.</marc:subfield>
		</marc:datafield>
		<marc:datafield tag="300" ind1=" " ind2=" ">
			<marc:subfield code="a">250 pages :</marc:subfield>
			<marc:subfield code="b">color illustrations ;</marc:subfield>
			<marc:subfield code="c">27 cm</marc:subfield>
		</marc:datafield>
		<marc:datafield tag="336" ind1=" " ind2=" ">
			<marc:subfield code="a">text</marc:subfield>
			<marc:subfield code="b">txt</marc:subfield>
			<marc:subfield code="2">rdacontent</marc:subfield>
		</marc:datafield>
		<marc:datafield tag="337" ind1=" " ind2=" ">
			<marc:subfield code="a">unmediated</marc:subfield>
			<marc:subfield code="b">n</marc:subfield>
			<marc:subfield code="2">rdamedia</marc:subfield>
		</marc:datafield>
		<marc:datafield tag="338" ind1=" " ind2=" ">
			<marc:subfield code="a">volume</marc:subfield>
			<marc:subfield code="b">nc</marc:subfield>
			<marc:subfield code="2">rdacarrier</marc:subfield>
		</marc:datafield>
		<marc:datafield tag="380" ind1=" " ind2=" ">
			<marc:subfield code="a">Fiction</marc:subfield>
		</marc:datafield>
		<marc:datafield tag="520" ind1=" " ind2=" ">
			<marc:subfield code="a">A young witch-to-be named Tiffany teams up with the Wee Free Men, a clan of six-inch-high blue men, to rescue her baby brother and ward off a sinister invasion from Fairyland.</marc:subfield>
		</marc:datafield>
		<marc:datafield tag="650" ind1=" " ind2=" ">
			<marc:subfield code="a">Discworld (fiktiv verden)</marc:subfield>
		</marc:datafield>
		<marc:datafield tag="650" ind1=" " ind2=" ">
			<marc:subfield code="a">Hekser</marc:subfield>
		</marc:datafield>
		<marc:datafield tag="655" ind1=" " ind2=" ">
			<marc:subfield code="a">Fantastisk</marc:subfield>
		</marc:datafield>
		<marc:datafield tag="700" ind1="1" ind2=" ">
			<marc:subfield code="a">Player, Stephen,</marc:subfield>
			<marc:subfield code="d">1965-</marc:subfield>
			<marc:subfield code="e">illustrator.</marc:subfield>
			<marc:subfield code="4">ill</marc:subfield>
			<marc:subfield code="0">https://viaf.org/viaf/43593187</marc:subfield>
		</marc:datafield>
	</marc:record>