
	<marc:record>
		<marc:leader>00882cam a2200277 a 4500</marc:leader>
		<marc:controlfield tag="001">2580891</marc:controlfield>
		<marc:controlfield tag="005">19990302091617.5</marc:controlfield>
		<marc:controlfield tag="008">961025s1994    nyu           000 1 eng  </marc:controlfield>
		<marc:datafield tag="035" ind1=" " ind2=" ">
			<marc:subfield code="9">(DLC)   96037261</marc:subfield>
		</marc:datafield>
		<marc:datafield tag="010" ind1=" " ind2=" ">
			<marc:subfield code="a">   96037261 </marc:subfield>
		</marc:datafield>
		<marc:datafield tag="020" ind1=" " ind2=" ">
			<marc:subfield code="a">0061052523</marc:subfield>
		</marc:datafield>
		<marc:datafield tag="040" ind1=" " ind2=" ">
			<marc:subfield code="a">DLC</marc:subfield>
			<marc:subfield code="c">DLC</marc:subfield>
			<marc:subfield code="d">DLC</marc:subfield>
		</marc:datafield>
		<marc:datafield tag="050" ind1="0" ind2="0">
			<marc:subfield code="a">PR6066.R34</marc:subfield>
			<marc:subfield code="b">I58 1994</marc:subfield>
		</marc:datafield>
		<marc:datafield tag="082" ind1="0" ind2="0">
			<marc:subfield code="a">823/.914</marc:subfield>
			<marc:subfield code="2">21</marc:subfield>
		</marc:datafield>
		<marc:datafield tag="100" ind1="1" ind2=" ">
			<marc:subfield code="a">Pratchett, Terry.</marc:subfield>
			<marc:subfield code="4">aut</marc:subfield>
			<marc:subfield code="0">https://viaf.org/viaf/76382712</marc:subfield>
		</marc:datafield>
		<marc:datafield tag="245" ind1="1" ind2="0">
			<marc:subfield code="a">Interesting times :</marc:subfield>
			<marc:subfield code="b"> a novel of Discworld /</marc:subfield>
			<marc:subfield code="c">Terry Pratchett.</marc:subfield>
		</marc:datafield>
		<marc:datafield tag="260" ind1=" " ind2=" ">
			<marc:subfield code="a">New York, N.Y. :</marc:subfield>
			<marc:subfield code="b">HarperPrism,</marc:subfield>
			<marc:subfield code="c">c1994,</marc:subfield>
			<marc:subfield code="g">(1997 printing)</marc:subfield>
		</marc:datafield>
		<marc:datafield tag="300" ind1=" " ind2=" ">
			<marc:subfield code="a">295 p. ;</marc:subfield>
			<marc:subfield code="c">25 cm.</marc:subfield>
		</marc:datafield>
		<marc:datafield tag="336" ind1=" " ind2=" ">
			<marc:subfield code="a">text</marc:subfield>
			<marc:subfield code="b">txt</marc:subfield>
			<marc:subfield code="2">rdacontent</marc:subfield>
		</marc:datafield>
		<marc:datafield tag="337" ind1=" " ind2=" ">
			<marc:subfield code="a">unmediated</marc:subfield>
			<marc:subfield code="b">n</marc:subfield>
			<marc:subfield code="2">rdamedia</marc:subfield>
		</marc:datafield>
		<marc:datafield tag="338" ind1=" " ind2=" ">
			<marc:subfield code="a">volume</marc:subfield>
			<marc:subfield code="b">nc</marc:subfield>
			<marc:subfield code="2">rdacarrier</marc:subfield>
		</marc:datafield>
		<marc:datafield tag="380" ind1=" " ind2=" ">
			<marc:subfield code="a">Fiction</marc:subfield>
		</marc:datafield>
		<marc:datafield tag="490" ind1="1" ind2=" ">
			<marc:subfield code="a">Discworld series</marc:subfield>
		</marc:datafield>
		<marc:datafield tag="650" ind1=" " ind2="0">
			<marc:subfield code="a">Discworld (fiktiv verden)</marc:subfield>
		</marc:datafield>
		<marc:datafield tag="655" ind1=" " ind2="0">
			<marc:subfield code="a">Fantastisk</marc:subfield>
		</marc:datafield>
		<marc:datafield tag="800" ind1="1" ind2=" ">
			<marc:subfield code="a">Pratchett, Terry.</marc:subfield>
			<marc:subfield code="t">Discworld series (New York, N.Y.)</marc:subfield>
		</marc:datafield>
	</marc:record>