
	<marc:record>
		<marc:leader>01673nam a2200289 a 450 </marc:leader>
		<marc:controlfield tag="001">0292504</marc:controlfield>
		<marc:controlfield tag="008">070430b               j          1 nob  </marc:controlfield>
		<marc:datafield tag="015" ind1=" " ind2=" ">
			<marc:subfield code="a">0545493</marc:subfield>
		</marc:datafield>
		<marc:datafield tag="015" ind1=" " ind2=" ">
			<marc:subfield code="a">11437404</marc:subfield>
		</marc:datafield>
		<marc:datafield tag="020" ind1=" " ind2=" ">
			<marc:subfield code="a">978-82-419-1582-6 :</marc:subfield>
			<marc:subfield code="c">Nkr 299.00</marc:subfield>
		</marc:datafield>
		<marc:datafield tag="041" ind1=" " ind2=" ">
			<marc:subfield code="h">eng</marc:subfield>
		</marc:datafield>
		<marc:datafield tag="100" ind1=" " ind2=" ">
			<marc:subfield code="a">Gaiman, Neil,</marc:subfield>
			<marc:subfield code="d">1960-</marc:subfield>
			<marc:subfield code="4">aut </marc:subfield>
			<marc:subfield code="0">https://viaf.org/viaf/103859257</marc:subfield>
		</marc:datafield>
		<marc:datafield tag="245" ind1="1" ind2="0">
			<marc:subfield code="a">Gode varsler :</marc:subfield>
			<marc:subfield code="b">heksen Agnes Nutters fine og korrekte profetier /</marc:subfield>
			<marc:subfield code="c">Neil Gaiman og Terry Pratchett ; oversatt av Stian Omland</marc:subfield>
		</marc:datafield>
		<marc:datafield tag="260" ind1=" " ind2=" ">
			<marc:subfield code="a">Bergen :</marc:subfield>
			<marc:subfield code="b">Vigmostad Bjørke,</marc:subfield>
			<marc:subfield code="c">2018</marc:subfield>
		</marc:datafield>
		<marc:datafield tag="300" ind1=" " ind2=" ">
			<marc:subfield code="a">398 s.</marc:subfield>
		</marc:datafield>
		<marc:datafield tag="336" ind1=" " ind2=" ">
			<marc:subfield code="a">text</marc:subfield>
			<marc:subfield code="b">txt</marc:subfield>
			<marc:subfield code="2">rdacontent</marc:subfield>
		</marc:datafield>
		<marc:datafield tag="337" ind1=" " ind2=" ">
			<marc:subfield code="a">unmediated</marc:subfield>
			<marc:subfield code="b">n</marc:subfield>
			<marc:subfield code="2">rdamedia</marc:subfield>
		</marc:datafield>
		<marc:datafield tag="338" ind1=" " ind2=" ">
			<marc:subfield code="a">volume</marc:subfield>
			<marc:subfield code="b">nc</marc:subfield>
			<marc:subfield code="2">rdacarrier</marc:subfield>
		</marc:datafield>
		<marc:datafield tag="380" ind1=" " ind2=" ">
			<marc:subfield code="a">Fiction</marc:subfield>
		</marc:datafield>
		<marc:datafield tag="520" ind1=" " ind2=" ">
			<marc:subfield code="a">Ifølge heksen Agnes Nutters profetier kommer verden til å gå under på̄ søndag, rett etter tetid. Uheldigvis er Antikrist på feil sted,       Apokalypsens fire ryttere er ute og kjører motorsykkel, og representantene fra himmel og helvete har funnet ut at de faktisk liker menneskerasen.       Dette er en humoristisk historie om verdens undergang, og er en kultklassiker om hvor galt det kan gå når selveste Antikrist ender opp hos en helt gjennomsnittlig middelklassefamilie. Fantasy for ungdomstrinnet. Omtalen er utarbeidet av BS.</marc:subfield>
		</marc:datafield>
		<marc:datafield tag="521" ind1=" " ind2=" ">
			<marc:subfield code="a">Alder: Ungdom fra 13 år</marc:subfield>
		</marc:datafield>
		<marc:datafield tag="534" ind1=" " ind2=" ">
			<marc:subfield code="a">Originaltittel: Good omens : the nice and accurate prophecies of Agnes Nutter, witch</marc:subfield>
		</marc:datafield>
		<marc:datafield tag="655" ind1=" " ind2=" ">
			<marc:subfield code="a">Fantastisk</marc:subfield>
			<marc:subfield code="2">BS</marc:subfield>
		</marc:datafield>
		<marc:datafield tag="655" ind1=" " ind2=" ">
			<marc:subfield code="a">Humoristisk</marc:subfield>
			<marc:subfield code="2">BS</marc:subfield>
		</marc:datafield>
		<marc:datafield tag="700" ind1=" " ind2=" ">
			<marc:subfield code="a">Omland, Stian,</marc:subfield>
			<marc:subfield code="d">1966-,</marc:subfield>
			<marc:subfield code="e">overs.</marc:subfield>
			<marc:subfield code="4">trl</marc:subfield>
			<marc:subfield code="0">https://viaf.org/viaf/222277111</marc:subfield>
		</marc:datafield>
		<marc:datafield tag="700" ind1=" " ind2=" ">
			<marc:subfield code="a">Pratchett, Terry,</marc:subfield>
			<marc:subfield code="d">1948-2015,</marc:subfield>
			<marc:subfield code="e">medforf.</marc:subfield>
			<marc:subfield code="4">aut</marc:subfield>
			<marc:subfield code="0">https://viaf.org/viaf/76382712</marc:subfield>
		</marc:datafield>
		<marc:datafield tag="740" ind1=" " ind2=" ">
			<marc:subfield code="a">Heksen Agnes Nutters fine og korrekte profetier</marc:subfield>
		</marc:datafield>
	</marc:record>