
	<marc:record>
		<marc:leader>01463nam a2200265 a 450 </marc:leader>
		<marc:controlfield tag="001">0254683</marc:controlfield>
		<marc:controlfield tag="008">160509b                          1 eng  </marc:controlfield>
		<marc:datafield tag="015" ind1=" " ind2=" ">
			<marc:subfield code="a">0448421</marc:subfield>
		</marc:datafield>
		<marc:datafield tag="015" ind1=" " ind2=" ">
			<marc:subfield code="a">10444421</marc:subfield>
		</marc:datafield>
		<marc:datafield tag="020" ind1=" " ind2=" ">
			<marc:subfield code="a">978-0-857-52130-9 :</marc:subfield>
			<marc:subfield code="c">Nkr 330.00</marc:subfield>
		</marc:datafield>
		<marc:datafield tag="082" ind1="1" ind2="4">
			<marc:subfield code="a">82</marc:subfield>
			<marc:subfield code="2">5</marc:subfield>
		</marc:datafield>
		<marc:datafield tag="100" ind1=" " ind2=" ">
			<marc:subfield code="a">Pratchett, Terry,</marc:subfield>
			<marc:subfield code="d">1948-2015</marc:subfield>
			<marc:subfield code="4">aut</marc:subfield>
			<marc:subfield code="0">https://viaf.org/viaf/76382712</marc:subfield>
		</marc:datafield>
		<marc:datafield tag="245" ind1="1" ind2="4">
			<marc:subfield code="a">The compleat Discworld atlas :</marc:subfield>
			<marc:subfield code="b">of general and descriptive geography which together with new maps and gazetteer forms a compleat guide to our world and all it encompasses /</marc:subfield>
			<marc:subfield code="c">Terry Pratchett ; aided and abetted by the Discworld emporium</marc:subfield>
		</marc:datafield>
		<marc:datafield tag="260" ind1=" " ind2=" ">
			<marc:subfield code="a">London :</marc:subfield>
			<marc:subfield code="b">Transworld,</marc:subfield>
			<marc:subfield code="c">2015</marc:subfield>
		</marc:datafield>
		<marc:datafield tag="300" ind1=" " ind2=" ">
			<marc:subfield code="a">127 s. :</marc:subfield>
			<marc:subfield code="b">kol. ill.</marc:subfield>
			<marc:subfield code="e">1 plakat</marc:subfield>
		</marc:datafield>
		<marc:datafield tag="336" ind1=" " ind2=" ">
			<marc:subfield code="a">text</marc:subfield>
			<marc:subfield code="b">txt</marc:subfield>
			<marc:subfield code="2">rdacontent</marc:subfield>
		</marc:datafield>
		<marc:datafield tag="337" ind1=" " ind2=" ">
			<marc:subfield code="a">unmediated</marc:subfield>
			<marc:subfield code="b">n</marc:subfield>
			<marc:subfield code="2">rdamedia</marc:subfield>
		</marc:datafield>
		<marc:datafield tag="338" ind1=" " ind2=" ">
			<marc:subfield code="a">volume</marc:subfield>
			<marc:subfield code="b">nc</marc:subfield>
			<marc:subfield code="2">rdacarrier</marc:subfield>
		</marc:datafield>
		<marc:datafield tag="380" ind1=" " ind2=" ">
			<marc:subfield code="a">Fiction</marc:subfield>
		</marc:datafield>
		<marc:datafield tag="440" ind1=" " ind2="0">
			<marc:subfield code="a">Discworld</marc:subfield>
		</marc:datafield>
		<marc:datafield tag="500" ind1=" " ind2=" ">
			<marc:subfield code="a">Katalogisert etter omslaget</marc:subfield>
		</marc:datafield>
		<marc:datafield tag="505" ind1="1" ind2=" ">
			<marc:subfield code="a">Har register</marc:subfield>
		</marc:datafield>
		<marc:datafield tag="520" ind1=" " ind2=" ">
			<marc:subfield code="a">The compleat Discworld atlas er den mest omfattende kartbok og guide til Discworld-serien hittil. Denne boka bygger p ̄hardt vunnet kunnskap fra store oppdagere. Her kan man finne en detaljert plan for sagnomsuste riker som The Condiment Isles, fl̜ge elven River Kneck, og studere Klatchs og Howondalands enorme r̜kener. Dette verket gir liv til land og steder fra Discworld-historiene p ̄en ny mt̄e, akkompagnert av overdd̄ige fullfargeillustrasjoner og et detaljert verdenskart.</marc:subfield>
		</marc:datafield>
		<marc:datafield tag="655" ind1=" " ind2=" ">
			<marc:subfield code="a">Fantastisk</marc:subfield>
			<marc:subfield code="2">BS</marc:subfield>
		</marc:datafield>
		<marc:datafield tag="740" ind1="4" ind2=" ">
			<marc:subfield code="a">The complete Discworld atlas</marc:subfield>
		</marc:datafield>
	</marc:record>