
	<marc:record>
		<marc:leader>00894nam a2200277 a 450 </marc:leader>
		<marc:controlfield tag="001">0171860</marc:controlfield>
		<marc:controlfield tag="008">090429b               j          1 eng  </marc:controlfield>
		<marc:datafield tag="015" ind1=" " ind2=" ">
			<marc:subfield code="a">0171303</marc:subfield>
		</marc:datafield>
		<marc:datafield tag="015" ind1=" " ind2=" ">
			<marc:subfield code="a">1596436</marc:subfield>
		</marc:datafield>
		<marc:datafield tag="020" ind1=" " ind2=" ">
			<marc:subfield code="a">0-552-15334-6 :</marc:subfield>
			<marc:subfield code="c">Nkr 240.00</marc:subfield>
		</marc:datafield>
		<marc:datafield tag="020" ind1=" " ind2=" ">
			<marc:subfield code="a">978-0-552-15334-8</marc:subfield>
		</marc:datafield>
		<marc:datafield tag="082" ind1="1" ind2="4">
			<marc:subfield code="a">82</marc:subfield>
		</marc:datafield>
		<marc:datafield tag="100" ind1=" " ind2=" ">
			<marc:subfield code="a">Pratchett, Terry,</marc:subfield>
			<marc:subfield code="d">1948-2015</marc:subfield>
			<marc:subfield code="4">aut </marc:subfield>
			<marc:subfield code="0">https://viaf.org/viaf/76382712</marc:subfield>
		</marc:datafield>
		<marc:datafield tag="245" ind1="1" ind2="0">
			<marc:subfield code="a">Eric /</marc:subfield>
			<marc:subfield code="c">Terry Pratchett</marc:subfield>
			<marc:subfield code="h">lydopptak</marc:subfield>
		</marc:datafield>
		<marc:datafield tag="250" ind1=" " ind2=" ">
			<marc:subfield code="a">[Abr. /</marc:subfield>
			<marc:subfield code="b">by Keith Darvill]</marc:subfield>
		</marc:datafield>
		<marc:datafield tag="260" ind1=" " ind2=" ">
			<marc:subfield code="a">London :</marc:subfield>
			<marc:subfield code="b">Corgi Audiobooks,</marc:subfield>
			<marc:subfield code="c">2006</marc:subfield>
		</marc:datafield>
		<marc:datafield tag="300" ind1=" " ind2=" ">
			<marc:subfield code="a">3 kompaktplater (3 t)</marc:subfield>
		</marc:datafield>
		<marc:datafield tag="336" ind1=" " ind2=" ">
			<marc:subfield code="a">spoken word</marc:subfield>
			<marc:subfield code="b">spw</marc:subfield>
			<marc:subfield code="2">rdacontent</marc:subfield>
		</marc:datafield>
		<marc:datafield tag="337" ind1=" " ind2=" ">
			<marc:subfield code="a">audio</marc:subfield>
			<marc:subfield code="b">s</marc:subfield>
			<marc:subfield code="2">rdamedia</marc:subfield>
		</marc:datafield>
		<marc:datafield tag="338" ind1=" " ind2=" ">
			<marc:subfield code="a">audio disc</marc:subfield>
			<marc:subfield code="b">sd</marc:subfield>
			<marc:subfield code="2">rdacarrier</marc:subfield>
		</marc:datafield>
		<marc:datafield tag="380" ind1=" " ind2=" ">
			<marc:subfield code="a">Fiction</marc:subfield>
		</marc:datafield>
		<marc:datafield tag="511" ind1="0" ind2=" ">
			<marc:subfield code="a">Lest av Tony Robinson</marc:subfield>
		</marc:datafield>
		<marc:datafield tag="655" ind1=" " ind2=" ">
			<marc:subfield code="a">Fantastisk</marc:subfield>
			<marc:subfield code="2">BS</marc:subfield>
		</marc:datafield>
		<marc:datafield tag="655" ind1=" " ind2=" ">
			<marc:subfield code="a">Humoristisk</marc:subfield>
			<marc:subfield code="2">BS</marc:subfield>
		</marc:datafield>
		<marc:datafield tag="700" ind1=" " ind2=" ">
			<marc:subfield code="a">Darvill, Keith,</marc:subfield>
			<marc:subfield code="e">bearb.</marc:subfield>
			<marc:subfield code="4">adp</marc:subfield>
		</marc:datafield>
		<marc:datafield tag="700" ind1=" " ind2=" ">
			<marc:subfield code="a">Robinson, Tony,</marc:subfield>
			<marc:subfield code="d">1946-,</marc:subfield>
			<marc:subfield code="e">innl.</marc:subfield>
			<marc:subfield code="4">prf</marc:subfield>
			<marc:subfield code="0">https://viaf.org/viaf/102399413</marc:subfield>
		</marc:datafield>
	</marc:record>