
	<marc:record>
		<marc:leader>01849nam a2200421 a 450 </marc:leader>
		<marc:controlfield tag="001">0082785</marc:controlfield>
		<marc:controlfield tag="008">960925b                          1 eng  </marc:controlfield>
		<marc:datafield tag="015" ind1=" " ind2=" ">
			<marc:subfield code="a">0084070</marc:subfield>
		</marc:datafield>
		<marc:datafield tag="015" ind1=" " ind2=" ">
			<marc:subfield code="a">1304423</marc:subfield>
		</marc:datafield>
		<marc:datafield tag="020" ind1=" " ind2=" ">
			<marc:subfield code="a">1-85479-919-3 :</marc:subfield>
			<marc:subfield code="c">Nkr 179.00</marc:subfield>
		</marc:datafield>
		<marc:datafield tag="082" ind1="1" ind2="4">
			<marc:subfield code="a">82</marc:subfield>
		</marc:datafield>
		<marc:datafield tag="082" ind1="1" ind2="4">
			<marc:subfield code="a">394.2</marc:subfield>
		</marc:datafield>
		<marc:datafield tag="245" ind1="0" ind2="0">
			<marc:subfield code="a">Shivers for Christmas /</marc:subfield>
			<marc:subfield code="c">edited by Richard Dalby</marc:subfield>
		</marc:datafield>
		<marc:datafield tag="260" ind1=" " ind2=" ">
			<marc:subfield code="a">London :</marc:subfield>
			<marc:subfield code="b">Michael O'Mara Books,</marc:subfield>
			<marc:subfield code="c">1995</marc:subfield>
		</marc:datafield>
		<marc:datafield tag="300" ind1=" " ind2=" ">
			<marc:subfield code="a">250 s.</marc:subfield>
		</marc:datafield>
		<marc:datafield tag="336" ind1=" " ind2=" ">
			<marc:subfield code="a">text</marc:subfield>
			<marc:subfield code="b">txt</marc:subfield>
			<marc:subfield code="2">rdacontent</marc:subfield>
		</marc:datafield>
		<marc:datafield tag="337" ind1=" " ind2=" ">
			<marc:subfield code="a">unmediated</marc:subfield>
			<marc:subfield code="b">n</marc:subfield>
			<marc:subfield code="2">rdamedia</marc:subfield>
		</marc:datafield>
		<marc:datafield tag="338" ind1=" " ind2=" ">
			<marc:subfield code="a">volume</marc:subfield>
			<marc:subfield code="b">nc</marc:subfield>
			<marc:subfield code="2">rdacarrier</marc:subfield>
		</marc:datafield>
		<marc:datafield tag="380" ind1=" " ind2=" ">
			<marc:subfield code="a">Fiction</marc:subfield>
		</marc:datafield>
		<marc:datafield tag="503" ind1=" " ind2=" ">
			<marc:subfield code="a">Engelsk tekst</marc:subfield>
		</marc:datafield>
		<marc:datafield tag="655" ind1=" " ind2=" ">
			<marc:subfield code="a">Grøsser</marc:subfield>
		</marc:datafield>
		<marc:datafield tag="700" ind1=" " ind2="2">
			<marc:subfield code="a">Saki,</marc:subfield>
			<marc:subfield code="c">psevd. for Hector Hugh Munro,</marc:subfield>
			<marc:subfield code="d">1870-1916,</marc:subfield>
			<marc:subfield code="t">The wolves of Cernogratz,</marc:subfield>
			<marc:subfield code="e">forf.-t.</marc:subfield>
		</marc:datafield>
		<marc:datafield tag="700" ind1="1" ind2=" ">
			<marc:subfield code="a">Dalby, Richard,</marc:subfield>
			<marc:subfield code="e">Red.</marc:subfield>
			<marc:subfield code="4">edt</marc:subfield>
			<marc:subfield code="0">https://viaf.org/viaf/27199745</marc:subfield>
		</marc:datafield>
		<marc:datafield tag="700" ind1="1" ind2="2">
			<marc:subfield code="a">Adams, Richard,</marc:subfield>
			<marc:subfield code="d">1920-2016,</marc:subfield>
			<marc:subfield code="t">The bommie and the drop-off,</marc:subfield>
			<marc:subfield code="e">forf.-t.</marc:subfield>
		</marc:datafield>
		<marc:datafield tag="700" ind1="1" ind2="2">
			<marc:subfield code="a">Aiken, Joan,</marc:subfield>
			<marc:subfield code="d">1924-2004,</marc:subfield>
			<marc:subfield code="t">The ferry,</marc:subfield>
			<marc:subfield code="e">forf.-t.</marc:subfield>
		</marc:datafield>
		<marc:datafield tag="700" ind1="1" ind2="2">
			<marc:subfield code="a">Beeson, Jane,</marc:subfield>
			<marc:subfield code="t">The maid,</marc:subfield>
			<marc:subfield code="e">forf.-t.</marc:subfield>
		</marc:datafield>
		<marc:datafield tag="700" ind1="1" ind2="2">
			<marc:subfield code="a">Drower, Jill,</marc:subfield>
			<marc:subfield code="t">Billy drops in,</marc:subfield>
			<marc:subfield code="e">forf.-t.</marc:subfield>
		</marc:datafield>
		<marc:datafield tag="700" ind1="1" ind2="2">
			<marc:subfield code="a">Edwards, Amelia B.,</marc:subfield>
			<marc:subfield code="d">1831-1892,</marc:subfield>
			<marc:subfield code="t">The discovery of the treasure isles,</marc:subfield>
			<marc:subfield code="e">forf.-t.</marc:subfield>
		</marc:datafield>
		<marc:datafield tag="700" ind1="1" ind2="2">
			<marc:subfield code="a">Fenn, George Manville,</marc:subfield>
			<marc:subfield code="d">1831-1909,</marc:subfield>
			<marc:subfield code="t">Asher's last hour,</marc:subfield>
			<marc:subfield code="e">forf.-t.</marc:subfield>
		</marc:datafield>
		<marc:datafield tag="700" ind1="1" ind2="2">
			<marc:subfield code="a">Gallagher, Stephen,</marc:subfield>
			<marc:subfield code="t">Fancy that!,</marc:subfield>
			<marc:subfield code="e">forf.-t.</marc:subfield>
		</marc:datafield>
		<marc:datafield tag="700" ind1="1" ind2="2">
			<marc:subfield code="a">Hawthorne, Nathaniel,</marc:subfield>
			<marc:subfield code="d">1804-1864,</marc:subfield>
			<marc:subfield code="t">The Christmas banquet,</marc:subfield>
			<marc:subfield code="e">forf.-t.</marc:subfield>
		</marc:datafield>
		<marc:datafield tag="700" ind1="1" ind2="2">
			<marc:subfield code="a">Johnson, Roger,</marc:subfield>
			<marc:subfield code="t">Sweet chiming bells,</marc:subfield>
			<marc:subfield code="e">forf.-t.</marc:subfield>
		</marc:datafield>
		<marc:datafield tag="700" ind1="1" ind2="2">
			<marc:subfield code="a">Lamsley, Terry,</marc:subfield>
			<marc:subfield code="t">Two returns,</marc:subfield>
			<marc:subfield code="e">forf.-t.</marc:subfield>
		</marc:datafield>
		<marc:datafield tag="700" ind1="1" ind2="2">
			<marc:subfield code="a">McMurray, Alan,</marc:subfield>
			<marc:subfield code="d">1930-,</marc:subfield>
			<marc:subfield code="t">"It will all be over by Christmas",</marc:subfield>
			<marc:subfield code="e">forf.-t.</marc:subfield>
		</marc:datafield>
		<marc:datafield tag="700" ind1="1" ind2="2">
			<marc:subfield code="a">Pratchett, Terry,</marc:subfield>
			<marc:subfield code="d">1948-2015,</marc:subfield>
			<marc:subfield code="t">Twenty pence with envelope and seasonal greeting,</marc:subfield>
			<marc:subfield code="e">forf.-t.</marc:subfield>
		</marc:datafield>
		<marc:datafield tag="700" ind1="1" ind2="2">
			<marc:subfield code="a">Salmonson, Jessica Amanda,</marc:subfield>
			<marc:subfield code="t">Jeremiah,</marc:subfield>
			<marc:subfield code="e">forf.-t.</marc:subfield>
		</marc:datafield>
		<marc:datafield tag="700" ind1="1" ind2="2">
			<marc:subfield code="a">Thurston, Ernest Temple,</marc:subfield>
			<marc:subfield code="d">1879-1933,</marc:subfield>
			<marc:subfield code="t">Ganthony's wife,</marc:subfield>
			<marc:subfield code="e">forf.-t.</marc:subfield>
		</marc:datafield>
		<marc:datafield tag="700" ind1="1" ind2="2">
			<marc:subfield code="a">Walpole, Hugh,</marc:subfield>
			<marc:subfield code="d">1884-1941,</marc:subfield>
			<marc:subfield code="t">Mr Huffam,</marc:subfield>
			<marc:subfield code="e">forf.-t.</marc:subfield>
		</marc:datafield>
	</marc:record>