
	<marc:record>
		<marc:leader>01885nam a2200421 a 450 </marc:leader>
		<marc:controlfield tag="001">0241745</marc:controlfield>
		<marc:controlfield tag="008">141009b               j          1 eng  </marc:controlfield>
		<marc:datafield tag="015" ind1=" " ind2=" ">
			<marc:subfield code="a">0404697</marc:subfield>
		</marc:datafield>
		<marc:datafield tag="015" ind1=" " ind2=" ">
			<marc:subfield code="a">10171756</marc:subfield>
		</marc:datafield>
		<marc:datafield tag="020" ind1=" " ind2=" ">
			<marc:subfield code="a">978-0-857-53437-8 :</marc:subfield>
			<marc:subfield code="c">Nkr 165.00</marc:subfield>
		</marc:datafield>
		<marc:datafield tag="100" ind1=" " ind2=" ">
			<marc:subfield code="a">Pratchett, Terry,</marc:subfield>
			<marc:subfield code="d">1948-2015</marc:subfield>
			<marc:subfield code="4">aut</marc:subfield>
			<marc:subfield code="0">https://viaf.org/viaf/76382712</marc:subfield>
		</marc:datafield>
		<marc:datafield tag="245" ind1="1" ind2="0">
			<marc:subfield code="a">Dragons at Crumbling Castle :</marc:subfield>
			<marc:subfield code="b">and other stories /</marc:subfield>
			<marc:subfield code="c">Terry Pratchett ; [illustrations by Mark Beech]</marc:subfield>
		</marc:datafield>
		<marc:datafield tag="260" ind1=" " ind2=" ">
			<marc:subfield code="a">London :</marc:subfield>
			<marc:subfield code="b">Doubleday,</marc:subfield>
			<marc:subfield code="c">2014</marc:subfield>
		</marc:datafield>
		<marc:datafield tag="300" ind1=" " ind2=" ">
			<marc:subfield code="a">X, 338 s. :</marc:subfield>
			<marc:subfield code="b">ill.</marc:subfield>
		</marc:datafield>
		<marc:datafield tag="336" ind1=" " ind2=" ">
			<marc:subfield code="a">text</marc:subfield>
			<marc:subfield code="b">txt</marc:subfield>
			<marc:subfield code="2">rdacontent</marc:subfield>
		</marc:datafield>
		<marc:datafield tag="337" ind1=" " ind2=" ">
			<marc:subfield code="a">unmediated</marc:subfield>
			<marc:subfield code="b">n</marc:subfield>
			<marc:subfield code="2">rdamedia</marc:subfield>
		</marc:datafield>
		<marc:datafield tag="338" ind1=" " ind2=" ">
			<marc:subfield code="a">volume</marc:subfield>
			<marc:subfield code="b">nc</marc:subfield>
			<marc:subfield code="2">rdacarrier</marc:subfield>
		</marc:datafield>
		<marc:datafield tag="380" ind1=" " ind2=" ">
			<marc:subfield code="a">Fiction</marc:subfield>
		</marc:datafield>
		<marc:datafield tag="505" ind1="1" ind2=" ">
			<marc:subfield code="a">Har innholdsfortegnelse</marc:subfield>
		</marc:datafield>
		<marc:datafield tag="505" ind1="1" ind2=" ">
			<marc:subfield code="a">Inneholder 14 fortellinger</marc:subfield>
		</marc:datafield>
		<marc:datafield tag="521" ind1=" " ind2=" ">
			<marc:subfield code="a">God, leselig skrift</marc:subfield>
		</marc:datafield>
		<marc:datafield tag="655" ind1=" " ind2=" ">
			<marc:subfield code="a">Fantastisk</marc:subfield>
			<marc:subfield code="2">BS</marc:subfield>
		</marc:datafield>
		<marc:datafield tag="655" ind1=" " ind2=" ">
			<marc:subfield code="a">Humoristisk</marc:subfield>
			<marc:subfield code="2">BS</marc:subfield>
		</marc:datafield>
		<marc:datafield tag="700" ind1=" " ind2=" ">
			<marc:subfield code="a">Beech, Mark,</marc:subfield>
			<marc:subfield code="e">illustr.</marc:subfield>
			<marc:subfield code="4">ill</marc:subfield>
			<marc:subfield code="0">https://viaf.org/viaf/56942416</marc:subfield>
		</marc:datafield>
		<marc:datafield tag="700" ind1=" " ind2="2">
			<marc:subfield code="a">Pratchett, Terry,</marc:subfield>
			<marc:subfield code="d">1948-2015,</marc:subfield>
			<marc:subfield code="t">Another tale of the Carpet People</marc:subfield>
		</marc:datafield>
		<marc:datafield tag="700" ind1=" " ind2="2">
			<marc:subfield code="a">Pratchett, Terry,</marc:subfield>
			<marc:subfield code="d">1948-2015,</marc:subfield>
			<marc:subfield code="t">Dok the caveman</marc:subfield>
		</marc:datafield>
		<marc:datafield tag="700" ind1=" " ind2="2">
			<marc:subfield code="a">Pratchett, Terry,</marc:subfield>
			<marc:subfield code="d">1948-2015,</marc:subfield>
			<marc:subfield code="t">Dragons at Crumbling Castle</marc:subfield>
		</marc:datafield>
		<marc:datafield tag="700" ind1=" " ind2="2">
			<marc:subfield code="a">Pratchett, Terry,</marc:subfield>
			<marc:subfield code="d">1948-2015,</marc:subfield>
			<marc:subfield code="t">Edwo the boring knight</marc:subfield>
		</marc:datafield>
		<marc:datafield tag="700" ind1=" " ind2="2">
			<marc:subfield code="a">Pratchett, Terry,</marc:subfield>
			<marc:subfield code="d">1948-2015,</marc:subfield>
			<marc:subfield code="t">Father Christmas goes to work at the zoo</marc:subfield>
		</marc:datafield>
		<marc:datafield tag="700" ind1=" " ind2="2">
			<marc:subfield code="a">Pratchett, Terry,</marc:subfield>
			<marc:subfield code="d">1948-2015,</marc:subfield>
			<marc:subfield code="t">Hercules the tortoise</marc:subfield>
		</marc:datafield>
		<marc:datafield tag="700" ind1=" " ind2="2">
			<marc:subfield code="a">Pratchett, Terry,</marc:subfield>
			<marc:subfield code="d">1948-2015,</marc:subfield>
			<marc:subfield code="t">Hunt the Snorry</marc:subfield>
		</marc:datafield>
		<marc:datafield tag="700" ind1=" " ind2="2">
			<marc:subfield code="a">Pratchett, Terry,</marc:subfield>
			<marc:subfield code="d">1948-2015,</marc:subfield>
			<marc:subfield code="t">Tales of the Carpet People</marc:subfield>
		</marc:datafield>
		<marc:datafield tag="700" ind1=" " ind2="2">
			<marc:subfield code="a">Pratchett, Terry,</marc:subfield>
			<marc:subfield code="d">1948-2015,</marc:subfield>
			<marc:subfield code="t">The 59A bus goes back in time</marc:subfield>
		</marc:datafield>
		<marc:datafield tag="700" ind1=" " ind2="2">
			<marc:subfield code="a">Pratchett, Terry,</marc:subfield>
			<marc:subfield code="d">1948-2015,</marc:subfield>
			<marc:subfield code="t">The Blackbury monster</marc:subfield>
		</marc:datafield>
		<marc:datafield tag="700" ind1=" " ind2="2">
			<marc:subfield code="a">Pratchett, Terry,</marc:subfield>
			<marc:subfield code="d">1948-2015,</marc:subfield>
			<marc:subfield code="t">The abominable snowman</marc:subfield>
		</marc:datafield>
		<marc:datafield tag="700" ind1=" " ind2="2">
			<marc:subfield code="a">Pratchett, Terry,</marc:subfield>
			<marc:subfield code="d">1948-2015,</marc:subfield>
			<marc:subfield code="t">The big race</marc:subfield>
		</marc:datafield>
		<marc:datafield tag="700" ind1=" " ind2="2">
			<marc:subfield code="a">Pratchett, Terry,</marc:subfield>
			<marc:subfield code="d">1948-2015,</marc:subfield>
			<marc:subfield code="t">The great egg-dancing championship</marc:subfield>
		</marc:datafield>
		<marc:datafield tag="700" ind1=" " ind2="2">
			<marc:subfield code="a">Pratchett, Terry,</marc:subfield>
			<marc:subfield code="d">1948-2015,</marc:subfield>
			<marc:subfield code="t">The great speck</marc:subfield>
		</marc:datafield>
	</marc:record>