
	<marc:record>
		<marc:leader>01600nam a2200265 a 450 </marc:leader>
		<marc:controlfield tag="001">0237239</marc:controlfield>
		<marc:controlfield tag="008">140523b                          1 nob  </marc:controlfield>
		<marc:datafield tag="015" ind1=" " ind2=" ">
			<marc:subfield code="a">0139784</marc:subfield>
		</marc:datafield>
		<marc:datafield tag="015" ind1=" " ind2=" ">
			<marc:subfield code="a">805181</marc:subfield>
		</marc:datafield>
		<marc:datafield tag="020" ind1=" " ind2=" ">
			<marc:subfield code="a">82-10-04879-1 :</marc:subfield>
			<marc:subfield code="c">Nkr 269.00</marc:subfield>
		</marc:datafield>
		<marc:datafield tag="041" ind1=" " ind2=" ">
			<marc:subfield code="h">eng</marc:subfield>
		</marc:datafield>
		<marc:datafield tag="100" ind1=" " ind2=" ">
			<marc:subfield code="a">Pratchett, Terry,</marc:subfield>
			<marc:subfield code="d">1948-2015</marc:subfield>
			<marc:subfield code="4">aut</marc:subfield>
			<marc:subfield code="0">https://viaf.org/viaf/76382712</marc:subfield>
		</marc:datafield>
		<marc:datafield tag="245" ind1="1" ind2="0">
			<marc:subfield code="a">Legenden om Skiveverdenen.</marc:subfield>
			<marc:subfield code="n">[11]</marc:subfield>
			<marc:subfield code="p">Mannen med ljåen</marc:subfield>
			<marc:subfield code="c">Terry Pratchett ; oversatt av Torleif Sjøgren-Erichsen</marc:subfield>
		</marc:datafield>
		<marc:datafield tag="260" ind1=" " ind2=" ">
			<marc:subfield code="a">[Oslo] :</marc:subfield>
			<marc:subfield code="b">Tiden,</marc:subfield>
			<marc:subfield code="c">2003</marc:subfield>
		</marc:datafield>
		<marc:datafield tag="300" ind1=" " ind2=" ">
			<marc:subfield code="a">226 s.</marc:subfield>
		</marc:datafield>
		<marc:datafield tag="336" ind1=" " ind2=" ">
			<marc:subfield code="a">text</marc:subfield>
			<marc:subfield code="b">txt</marc:subfield>
			<marc:subfield code="2">rdacontent</marc:subfield>
		</marc:datafield>
		<marc:datafield tag="337" ind1=" " ind2=" ">
			<marc:subfield code="a">unmediated</marc:subfield>
			<marc:subfield code="b">n</marc:subfield>
			<marc:subfield code="2">rdamedia</marc:subfield>
		</marc:datafield>
		<marc:datafield tag="338" ind1=" " ind2=" ">
			<marc:subfield code="a">volume</marc:subfield>
			<marc:subfield code="b">nc</marc:subfield>
			<marc:subfield code="2">rdacarrier</marc:subfield>
		</marc:datafield>
		<marc:datafield tag="380" ind1=" " ind2=" ">
			<marc:subfield code="a">Fiction</marc:subfield>
		</marc:datafield>
		<marc:datafield tag="520" ind1=" " ind2=" ">
			<marc:subfield code="a">Terry Pratchett regnes som fantasy-litteraturens største humorist, og bøkene hans kan gjerne leses som en parodi på sjangeren. Skiveverdenen er en verden befolket av så mye galskap at det bare er å gi seg ende over.      "Mannen med ljåen" kan man alltid regne med, men det var før Døden begynte å gruble over eksistensielle spørsmål. En pysete Mannen med ljåen er det ingen som har bruk for, og han er nå blitt sendt av gårde med lykkeønskninger og gullur som takk for innsatsen.       Døden har nå muligheten til å få brukt ljåen på grønnere enger, men noen av Ank-morporks innbyggere leter etter et fantastisk liv etter døden og følger etter for å redde verden fra de levende.</marc:subfield>
		</marc:datafield>
		<marc:datafield tag="655" ind1=" " ind2=" ">
			<marc:subfield code="a">Fantastisk</marc:subfield>
		</marc:datafield>
		<marc:datafield tag="655" ind1=" " ind2=" ">
			<marc:subfield code="a">Humoristisk</marc:subfield>
		</marc:datafield>
		<marc:datafield tag="700" ind1=" " ind2=" ">
			<marc:subfield code="a">Sjg̜ren-Erichsen, Torleif,</marc:subfield>
			<marc:subfield code="d">1958-,</marc:subfield>
			<marc:subfield code="e">overs.</marc:subfield>
			<marc:subfield code="4">trl</marc:subfield>
			<marc:subfield code="0">https://viaf.org/viaf/270969716</marc:subfield>
		</marc:datafield>
		<marc:datafield tag="780" ind1=" " ind2="0">
			<marc:subfield code="t">Levende bilder</marc:subfield>
			<marc:subfield code="w">119919</marc:subfield>
		</marc:datafield>
		<marc:datafield tag="785" ind1=" " ind2="0">
			<marc:subfield code="t">Hekser på tur</marc:subfield>
			<marc:subfield code="w">126905</marc:subfield>
		</marc:datafield>
	</marc:record>