
	<marc:record>
		<marc:leader>00776nam a2200253 a 450 </marc:leader>
		<marc:controlfield tag="001">0129098</marc:controlfield>
		<marc:controlfield tag="008">041019b                          1 nob  </marc:controlfield>
		<marc:datafield tag="015" ind1=" " ind2=" ">
			<marc:subfield code="a">0148111</marc:subfield>
		</marc:datafield>
		<marc:datafield tag="015" ind1=" " ind2=" ">
			<marc:subfield code="a">9448242</marc:subfield>
		</marc:datafield>
		<marc:datafield tag="020" ind1=" " ind2=" ">
			<marc:subfield code="a">82-10-04935-6</marc:subfield>
		</marc:datafield>
		<marc:datafield tag="041" ind1=" " ind2=" ">
			<marc:subfield code="h">eng</marc:subfield>
		</marc:datafield>
		<marc:datafield tag="100" ind1=" " ind2=" ">
			<marc:subfield code="a">Pratchett, Terry,</marc:subfield>
			<marc:subfield code="d">1948-2015</marc:subfield>
			<marc:subfield code="4">aut</marc:subfield>
			<marc:subfield code="0">https://viaf.org/viaf/76382712</marc:subfield>
		</marc:datafield>
		<marc:datafield tag="245" ind1="1" ind2="0">
			<marc:subfield code="a">Legenden om Skiveverdenen.</marc:subfield>
			<marc:subfield code="n">[13]</marc:subfield>
			<marc:subfield code="p">Små guder</marc:subfield>
			<marc:subfield code="c">Terry Pratchett ; oversatt av Torleif Sjøgren-Erichsen</marc:subfield>
		</marc:datafield>
		<marc:datafield tag="260" ind1=" " ind2=" ">
			<marc:subfield code="a">[Oslo] :</marc:subfield>
			<marc:subfield code="b">Tiden,</marc:subfield>
			<marc:subfield code="c">2004</marc:subfield>
		</marc:datafield>
		<marc:datafield tag="300" ind1=" " ind2=" ">
			<marc:subfield code="a">252 s.</marc:subfield>
		</marc:datafield>
		<marc:datafield tag="336" ind1=" " ind2=" ">
			<marc:subfield code="a">text</marc:subfield>
			<marc:subfield code="b">txt</marc:subfield>
			<marc:subfield code="2">rdacontent</marc:subfield>
		</marc:datafield>
		<marc:datafield tag="337" ind1=" " ind2=" ">
			<marc:subfield code="a">unmediated</marc:subfield>
			<marc:subfield code="b">n</marc:subfield>
			<marc:subfield code="2">rdamedia</marc:subfield>
		</marc:datafield>
		<marc:datafield tag="338" ind1=" " ind2=" ">
			<marc:subfield code="a">volume</marc:subfield>
			<marc:subfield code="b">nc</marc:subfield>
			<marc:subfield code="2">rdacarrier</marc:subfield>
		</marc:datafield>
		<marc:datafield tag="380" ind1=" " ind2=" ">
			<marc:subfield code="a">Fiction</marc:subfield>
		</marc:datafield>
		<marc:datafield tag="500" ind1=" " ind2=" ">
			<marc:subfield code="a">Forts. av: Hekser på tur</marc:subfield>
		</marc:datafield>
		<marc:datafield tag="655" ind1=" " ind2=" ">
			<marc:subfield code="a">Fantastisk</marc:subfield>
		</marc:datafield>
		<marc:datafield tag="655" ind1=" " ind2=" ">
			<marc:subfield code="a">Humoristisk</marc:subfield>
		</marc:datafield>
		<marc:datafield tag="780" ind1="0" ind2="0">
			<marc:subfield code="w">126905</marc:subfield>
		</marc:datafield>
		<marc:datafield tag="785" ind1="0" ind2="0">
			<marc:subfield code="t">Forts. i: Herskap og hekser</marc:subfield>
			<marc:subfield code="w">135421</marc:subfield>
		</marc:datafield>
	</marc:record>