
	<marc:record>
		<marc:leader>03147nam a2200529Ii 4500</marc:leader>
		<marc:controlfield tag="001">ocn987075717</marc:controlfield>
		<marc:controlfield tag="003">OCoLC</marc:controlfield>
		<marc:controlfield tag="005">20170622090016.0</marc:controlfield>
		<marc:controlfield tag="006">m     o  d        </marc:controlfield>
		<marc:controlfield tag="007">cr cn|||||||||</marc:controlfield>
		<marc:controlfield tag="008">170513s2017    maua    o     000 f eng d</marc:controlfield>
		<marc:datafield tag="020" ind1=" " ind2=" ">
			<marc:subfield code="a">9781328784865</marc:subfield>
			<marc:subfield code="q">(electronic bk.)</marc:subfield>
		</marc:datafield>
		<marc:datafield tag="020" ind1=" " ind2=" ">
			<marc:subfield code="a">132878486X</marc:subfield>
			<marc:subfield code="q">(electronic bk.)</marc:subfield>
		</marc:datafield>
		<marc:datafield tag="020" ind1=" " ind2=" ">
			<marc:subfield code="z">1328791823</marc:subfield>
		</marc:datafield>
		<marc:datafield tag="020" ind1=" " ind2=" ">
			<marc:subfield code="z">9781328791825</marc:subfield>
		</marc:datafield>
		<marc:datafield tag="020" ind1=" " ind2=" ">
			<marc:subfield code="z">0008214212</marc:subfield>
		</marc:datafield>
		<marc:datafield tag="020" ind1=" " ind2=" ">
			<marc:subfield code="z">0008214204</marc:subfield>
		</marc:datafield>
		<marc:datafield tag="020" ind1=" " ind2=" ">
			<marc:subfield code="z">0008214190</marc:subfield>
		</marc:datafield>
		<marc:datafield tag="020" ind1=" " ind2=" ">
			<marc:subfield code="z">0008248079</marc:subfield>
		</marc:datafield>
		<marc:datafield tag="035" ind1=" " ind2=" ">
			<marc:subfield code="a">(Sirsi) a3553242</marc:subfield>
		</marc:datafield>
		<marc:datafield tag="035" ind1=" " ind2=" ">
			<marc:subfield code="a">(OCoLC)987075717</marc:subfield>
			<marc:subfield code="z">(OCoLC)987053391</marc:subfield>
			<marc:subfield code="z">(OCoLC)989716016</marc:subfield>
		</marc:datafield>
		<marc:datafield tag="037" ind1=" " ind2=" ">
			<marc:subfield code="a">EE6D28F0-2EC9-4046-A21B-2F82773391F9</marc:subfield>
			<marc:subfield code="b">OverDrive, Inc.</marc:subfield>
			<marc:subfield code="n">http://www.overdrive.com</marc:subfield>
		</marc:datafield>
		<marc:datafield tag="040" ind1=" " ind2=" ">
			<marc:subfield code="a">EBLCP</marc:subfield>
			<marc:subfield code="b">eng</marc:subfield>
			<marc:subfield code="e">rda</marc:subfield>
			<marc:subfield code="e">pn</marc:subfield>
			<marc:subfield code="c">EBLCP</marc:subfield>
			<marc:subfield code="d">YDX</marc:subfield>
			<marc:subfield code="d">RECBK</marc:subfield>
			<marc:subfield code="d">TEFOD</marc:subfield>
			<marc:subfield code="d">IDEBK</marc:subfield>
		</marc:datafield>
		<marc:datafield tag="050" ind1=" " ind2="4">
			<marc:subfield code="a">PR6039.O32</marc:subfield>
			<marc:subfield code="b">B47 2017eb</marc:subfield>
		</marc:datafield>
		<marc:datafield tag="082" ind1="0" ind2="4">
			<marc:subfield code="a">823/.912</marc:subfield>
			<marc:subfield code="2">23</marc:subfield>
		</marc:datafield>
		<marc:datafield tag="090" ind1=" " ind2=" ">
			<marc:subfield code="a">SCIENCE FICTION TOL</marc:subfield>
		</marc:datafield>
		<marc:datafield tag="100" ind1="1" ind2=" ">
			<marc:subfield code="a">Tolkien, J. R. R.</marc:subfield>
			<marc:subfield code="q">(John Ronald Reuel),</marc:subfield>
			<marc:subfield code="d">1892-1973,</marc:subfield>
			<marc:subfield code="e">author.</marc:subfield>
			<marc:subfield code="4">aut</marc:subfield>
			<marc:subfield code="0">https://viaf.org/viaf/95218067</marc:subfield>
		</marc:datafield>
		<marc:datafield tag="245" ind1="1" ind2="0">
			<marc:subfield code="a">Beren and Lúthien /</marc:subfield>
			<marc:subfield code="c">by J.R.R. Tolkien ; edited by Christopher Tolkien ; with illustrations by Alan Lee.</marc:subfield>
		</marc:datafield>
		<marc:datafield tag="250" ind1=" " ind2=" ">
			<marc:subfield code="a">First U.S. edition.</marc:subfield>
		</marc:datafield>
		<marc:datafield tag="260" ind1=" " ind2=" ">
			<marc:subfield code="a">Boston :</marc:subfield>
			<marc:subfield code="b">Houghton Mifflin Harcourt,</marc:subfield>
			<marc:subfield code="c">2017.</marc:subfield>
		</marc:datafield>
		<marc:datafield tag="300" ind1=" " ind2=" ">
			<marc:subfield code="a">1 online resource (301 pages) :</marc:subfield>
			<marc:subfield code="b">illustrations</marc:subfield>
		</marc:datafield>
		<marc:datafield tag="336" ind1=" " ind2=" ">
			<marc:subfield code="a">text</marc:subfield>
			<marc:subfield code="b">txt</marc:subfield>
			<marc:subfield code="2">rdacontent</marc:subfield>
		</marc:datafield>
		<marc:datafield tag="337" ind1=" " ind2=" ">
			<marc:subfield code="a">computer</marc:subfield>
			<marc:subfield code="b">c</marc:subfield>
			<marc:subfield code="2">rdamedia</marc:subfield>
		</marc:datafield>
		<marc:datafield tag="338" ind1=" " ind2=" ">
			<marc:subfield code="a">online resource</marc:subfield>
			<marc:subfield code="b">cr</marc:subfield>
			<marc:subfield code="2">rdacarrier</marc:subfield>
		</marc:datafield>
		<marc:datafield tag="380" ind1=" " ind2=" ">
			<marc:subfield code="a">Novel</marc:subfield>
		</marc:datafield>
		<marc:datafield tag="500" ind1=" " ind2=" ">
			<marc:subfield code="a">Painstakingly restored from Tolkien's manuscripts and presented for the first time as a continuous and standalone story, the epic tale of Beren and Lúthien will reunite fans of The Hobbit and The Lord of the Rings with Elves and Men, along with the rich landscape and creatures unique to Tolkien's Middle-earth. Edited by Christopher Tolkien with cover art, drawings, and color plates by Alan Lee.</marc:subfield>
		</marc:datafield>
		<marc:datafield tag="520" ind1=" " ind2=" ">
			<marc:subfield code="a">Beren was a mortal man, but Lúthien was an immortal elf. Her father, a great elvish lord, in deep opposition to Beren, imposed on him an impossible task that he must perform before he might wed Lúthien. To show something of the process whereby this legend of Middle-earth evolved over the years, [Christopher Tolkien] has told the story in his father's own words by giving, first, its original form, and then passages in prose and verse from later texts that illustrate the narrative as it changed. Presented together for the first time, they reveal aspects of the story, both in event and in narrative immediacy, that were afterwards lost.--</marc:subfield>
			<marc:subfield code="c">From publisher's description.</marc:subfield>
		</marc:datafield>
		<marc:datafield tag="650" ind1=" " ind2="7">
			<marc:subfield code="a">Fiktiv verden</marc:subfield>
		</marc:datafield>
		<marc:datafield tag="650" ind1=" " ind2="0">
			<marc:subfield code="a">Alver</marc:subfield>
		</marc:datafield>
		<marc:datafield tag="655" ind1=" " ind2="7">
			<marc:subfield code="a">Roman</marc:subfield>
		</marc:datafield>
		<marc:datafield tag="655" ind1=" " ind2="7">
			<marc:subfield code="a">Fantastisk</marc:subfield>
		</marc:datafield>
		<marc:datafield tag="700" ind1="1" ind2=" ">
			<marc:subfield code="a">Lee, Alan,</marc:subfield>
			<marc:subfield code="e">illustrator.</marc:subfield>
			<marc:subfield code="4">ill</marc:subfield>
			<marc:subfield code="0">https://viaf.org/viaf/112458453</marc:subfield>
		</marc:datafield>
		<marc:datafield tag="700" ind1="1" ind2=" ">
			<marc:subfield code="a">Tolkien, Christopher,</marc:subfield>
			<marc:subfield code="e">editor.</marc:subfield>
			<marc:subfield code="4">edt</marc:subfield>
			<marc:subfield code="0">https://viaf.org/viaf/12315790</marc:subfield>
		</marc:datafield>
		<marc:datafield tag="700" ind1="1" ind2=" ">
			<marc:subfield code="a">Tolkien, J. R. R.</marc:subfield>
			<marc:subfield code="q">(John Ronald Reuel),</marc:subfield>
			<marc:subfield code="d">1892-1973.</marc:subfield>
			<marc:subfield code="t">Silmarillion.</marc:subfield>
			<marc:subfield code="0">https://viaf.org/viaf/183065413</marc:subfield>
		</marc:datafield>
		<marc:datafield tag="776" ind1="0" ind2="8">
			<marc:subfield code="i">Print version:</marc:subfield>
			<marc:subfield code="a">Tolkien, J. R. R. (John Ronald Reuel), 1892-1973.</marc:subfield>
			<marc:subfield code="t">Beren and Lúthien.</marc:subfield>
			<marc:subfield code="b">First U.S. edition.</marc:subfield>
			<marc:subfield code="d">Boston : Houghton Mifflin Harcourt, 2017</marc:subfield>
			<marc:subfield code="z">9781328791825</marc:subfield>
			<marc:subfield code="w">(OCoLC)987617974</marc:subfield>
		</marc:datafield>
		<marc:datafield tag="019" ind1=" " ind2=" ">
			<marc:subfield code="a">987053391</marc:subfield>
			<marc:subfield code="a">989716016</marc:subfield>
		</marc:datafield>
		<marc:datafield tag="588" ind1=" " ind2=" ">
			<marc:subfield code="a">Description based upon print version of record.</marc:subfield>
		</marc:datafield>
	</marc:record>