
	<marc:record>
		<marc:leader>01186cam a22003377i 4500</marc:leader>
		<marc:controlfield tag="001">erc0000498925</marc:controlfield>
		<marc:controlfield tag="003">TLC</marc:controlfield>
		<marc:controlfield tag="005">20161104221433.0</marc:controlfield>
		<marc:controlfield tag="006">m        d        </marc:controlfield>
		<marc:controlfield tag="007">cr unu||||||||</marc:controlfield>
		<marc:controlfield tag="008">161104s2016    xxu|||| o    |||| 1|eng d</marc:controlfield>
		<marc:datafield tag="035" ind1=" " ind2=" ">
			<marc:subfield code="a">(Sirsi) a3538022</marc:subfield>
		</marc:datafield>
		<marc:datafield tag="035" ind1=" " ind2=" ">
			<marc:subfield code="a">(OCoLC)962260560</marc:subfield>
		</marc:datafield>
		<marc:datafield tag="037" ind1=" " ind2=" ">
			<marc:subfield code="a">3AA43B3C-1A62-442D-87B9-3C890827070E</marc:subfield>
			<marc:subfield code="b">OverDrive, Inc.</marc:subfield>
			<marc:subfield code="n">http://www.overdrive.com</marc:subfield>
		</marc:datafield>
		<marc:datafield tag="040" ind1=" " ind2=" ">
			<marc:subfield code="a">TLC</marc:subfield>
			<marc:subfield code="c">TLC</marc:subfield>
			<marc:subfield code="d">TLC</marc:subfield>
			<marc:subfield code="e">rda</marc:subfield>
		</marc:datafield>
		<marc:datafield tag="100" ind1="1" ind2=" ">
			<marc:subfield code="a">Tolkien, J. R. R.</marc:subfield>
			<marc:subfield code="q">(John Ronald Reuel),</marc:subfield>
			<marc:subfield code="d">1892-1973,</marc:subfield>
			<marc:subfield code="e">author.</marc:subfield>
			<marc:subfield code="4">aut</marc:subfield>
			<marc:subfield code="0">https://viaf.org/viaf/95218067</marc:subfield>
		</marc:datafield>
		<marc:datafield tag="245" ind1="1" ind2="4">
			<marc:subfield code="a">The lay of Aotrou and Itroun /</marc:subfield>
			<marc:subfield code="c">J. R. R. Tolkien</marc:subfield>
		</marc:datafield>
		<marc:datafield tag="264" ind1=" " ind2="1">
			<marc:subfield code="a">Glasgow :</marc:subfield>
			<marc:subfield code="b">HarperCollins Publishers,</marc:subfield>
			<marc:subfield code="c">2016.</marc:subfield>
		</marc:datafield>
		<marc:datafield tag="300" ind1=" " ind2=" ">
			<marc:subfield code="a">1 online resource</marc:subfield>
		</marc:datafield>
		<marc:datafield tag="336" ind1=" " ind2=" ">
			<marc:subfield code="a">text</marc:subfield>
			<marc:subfield code="b">txt</marc:subfield>
			<marc:subfield code="2">rdacontent</marc:subfield>
		</marc:datafield>
		<marc:datafield tag="337" ind1=" " ind2=" ">
			<marc:subfield code="a">computer</marc:subfield>
			<marc:subfield code="b">c</marc:subfield>
			<marc:subfield code="2">rdamedia</marc:subfield>
		</marc:datafield>
		<marc:datafield tag="338" ind1=" " ind2=" ">
			<marc:subfield code="a">online resource</marc:subfield>
			<marc:subfield code="b">cr</marc:subfield>
			<marc:subfield code="2">rdacarrier</marc:subfield>
		</marc:datafield>
		<marc:datafield tag="347" ind1=" " ind2=" ">
			<marc:subfield code="a">text file</marc:subfield>
			<marc:subfield code="2">rda</marc:subfield>
		</marc:datafield>
		<marc:datafield tag="380" ind1=" " ind2=" ">
			<marc:subfield code="a">Fiction</marc:subfield>
		</marc:datafield>
		<marc:datafield tag="385" ind1=" " ind2=" ">
			<marc:subfield code="a">General</marc:subfield>
			<marc:subfield code="2">tlctarget</marc:subfield>
		</marc:datafield>
		<marc:datafield tag="500" ind1=" " ind2=" ">
			<marc:subfield code="a">Electronic book.</marc:subfield>
		</marc:datafield>
		<marc:datafield tag="533" ind1=" " ind2=" ">
			<marc:subfield code="a">Electronic reproduction.</marc:subfield>
			<marc:subfield code="b">Glasgow</marc:subfield>
			<marc:subfield code="c">HarperCollins Publishers</marc:subfield>
			<marc:subfield code="d">2016</marc:subfield>
			<marc:subfield code="n">Available via World Wide Web.</marc:subfield>
		</marc:datafield>
		<marc:datafield tag="655" ind1=" " ind2="0">
			<marc:subfield code="a">E-bok</marc:subfield>
		</marc:datafield>
		<marc:datafield tag="655" ind1=" " ind2="7">
			<marc:subfield code="a">Science fiction</marc:subfield>
			<marc:subfield code="2">gsafd</marc:subfield>
		</marc:datafield>
		<marc:datafield tag="710" ind1="2" ind2=" ">
			<marc:subfield code="a">OverDrive, Inc.,</marc:subfield>
			<marc:subfield code="e">distributor.</marc:subfield>
		</marc:datafield>
		<marc:datafield tag="020" ind1=" " ind2=" ">
			<marc:subfield code="a">9780008202149</marc:subfield>
			<marc:subfield code="c">19.79</marc:subfield>
		</marc:datafield>
	</marc:record>