
	<marc:record>
		<marc:leader>02629nam a2200361 a 450 </marc:leader>
		<marc:controlfield tag="001">0389873</marc:controlfield>
		<marc:controlfield tag="007"> du      </marc:controlfield>
		<marc:controlfield tag="008">061128b                          1 mul  </marc:controlfield>
		<marc:datafield tag="015" ind1=" " ind2=" ">
			<marc:subfield code="a">0194715</marc:subfield>
		</marc:datafield>
		<marc:datafield tag="015" ind1=" " ind2=" ">
			<marc:subfield code="a">969497</marc:subfield>
		</marc:datafield>
		<marc:datafield tag="041" ind1=" " ind2=" ">
			<marc:subfield code="a">eng</marc:subfield>
			<marc:subfield code="b">engswedannobfindut</marc:subfield>
		</marc:datafield>
		<marc:datafield tag="082" ind1="1" ind2="4">
			<marc:subfield code="2">5</marc:subfield>
		</marc:datafield>
		<marc:datafield tag="245" ind1="0" ind2="0">
			<marc:subfield code="a">Stardust /</marc:subfield>
			<marc:subfield code="c">screenplay by Jane Goldman &amp; Matthew Vaughn ; directed by Matthew Vaughn</marc:subfield>
			<marc:subfield code="h">dvd</marc:subfield>
		</marc:datafield>
		<marc:datafield tag="260" ind1=" " ind2=" ">
			<marc:subfield code="a">[Oslo] :</marc:subfield>
			<marc:subfield code="b">Paramount Home Entertainment,</marc:subfield>
			<marc:subfield code="c">[2008]</marc:subfield>
		</marc:datafield>
		<marc:datafield tag="300" ind1=" " ind2=" ">
			<marc:subfield code="a">1 DVD (2 t, 12 min) :</marc:subfield>
			<marc:subfield code="b">lyd, kol.</marc:subfield>
		</marc:datafield>
		<marc:datafield tag="336" ind1=" " ind2=" ">
			<marc:subfield code="a">two-dimensional moving image</marc:subfield>
			<marc:subfield code="b">tdi</marc:subfield>
			<marc:subfield code="2">rdacontent</marc:subfield>
		</marc:datafield>
		<marc:datafield tag="337" ind1=" " ind2=" ">
			<marc:subfield code="a">projected</marc:subfield>
			<marc:subfield code="b">g</marc:subfield>
			<marc:subfield code="2">rdamedia</marc:subfield>
		</marc:datafield>
		<marc:datafield tag="338" ind1=" " ind2=" ">
			<marc:subfield code="a">videodisc</marc:subfield>
			<marc:subfield code="b">vd</marc:subfield>
			<marc:subfield code="2">rdacarrier</marc:subfield>
		</marc:datafield>
		<marc:datafield tag="380" ind1=" " ind2=" ">
			<marc:subfield code="a">Fiction</marc:subfield>
		</marc:datafield>
		<marc:datafield tag="500" ind1=" " ind2=" ">
			<marc:subfield code="a">Basert p:̄ Stjernestv̜ / Neil Gaiman</marc:subfield>
		</marc:datafield>
		<marc:datafield tag="503" ind1=" " ind2=" ">
			<marc:subfield code="a">Filmen laget: 2007</marc:subfield>
		</marc:datafield>
		<marc:datafield tag="511" ind1="0" ind2=" ">
			<marc:subfield code="a">I rollene: Claire Danes, Michelle Pfeiffer, Robert De Niro m.fl.</marc:subfield>
		</marc:datafield>
		<marc:datafield tag="520" ind1=" " ind2=" ">
			<marc:subfield code="a">Handlingen begynner i den sv̜nige, engelske landsbyen Wall, hvor den unge Tristan Thorne gir et lettsindig lf̜te til den vakreste jenta i landsbyen, som han hp̄er  ̄vinne hjertet til. Han lover  ̄bringe henne en stjerne som har falt ned. For  ̄holde lf̜tet sitt, m ̄Tristan begi seg over til den andre siden av den forbudte landsbymuren og inn i et mystisk kongerike dominert av uendelige og magiske legender som brer seg ut foran ham og som han snart blir en del av. I dette riket, kalt Stormhold, oppdager Tristan at stjernen som har falt ned slett ikke er det han hadde forventet, men en oppvakt ung kvinne med skader etter det kosmiske fallet. N ̄er hun i stor fare - ettertraktet av enorme makter, blant andre kongens lumske sn̜ner og en beregnende og mektig heks. Nr̄ Tristan legger ut for  ̄beskytte stjernen og ta henne med tilbake til sin elskede p ̄den andre siden av muren, vil reisen ikke bare fr̜e til utrolige mt̜er med en piratkaptein en tvilsom handelsmann, men ogs ̄til mange andre overraskelser. Hvis Tristan overlever, vil han ogs ̄finne den hemmelige nk̜kelen til sin egen identitet og en skjebne hinsides sine villeste drm̜mer.</marc:subfield>
		</marc:datafield>
		<marc:datafield tag="521" ind1=" " ind2=" ">
			<marc:subfield code="a">Tillatt fra 11 r̄</marc:subfield>
		</marc:datafield>
		<marc:datafield tag="534" ind1=" " ind2=" ">
			<marc:subfield code="a">Engelsk tittel: Stardust</marc:subfield>
		</marc:datafield>
		<marc:datafield tag="655" ind1=" " ind2=" ">
			<marc:subfield code="a">Fantastisk</marc:subfield>
		</marc:datafield>
		<marc:datafield tag="655" ind1=" " ind2=" ">
			<marc:subfield code="a">Kjærlighet</marc:subfield>
		</marc:datafield>
		<marc:datafield tag="700" ind1=" " ind2=" ">
			<marc:subfield code="a">Danes, Claire,</marc:subfield>
			<marc:subfield code="d">1979-,</marc:subfield>
			<marc:subfield code="e">skuesp.</marc:subfield>
			<marc:subfield code="4">act</marc:subfield>
			<marc:subfield code="0">https://viaf.org/viaf/103267342</marc:subfield>
		</marc:datafield>
		<marc:datafield tag="700" ind1=" " ind2=" ">
			<marc:subfield code="a">De Niro, Robert,</marc:subfield>
			<marc:subfield code="d">1943-,</marc:subfield>
			<marc:subfield code="e">skuesp.</marc:subfield>
			<marc:subfield code="4">act</marc:subfield>
			<marc:subfield code="0">https://viaf.org/viaf/114969074</marc:subfield>
		</marc:datafield>
		<marc:datafield tag="700" ind1=" " ind2=" ">
			<marc:subfield code="a">Gaiman, Neil,</marc:subfield>
			<marc:subfield code="d">1960-,</marc:subfield>
			<marc:subfield code="t">Stjernestv̜,</marc:subfield>
			<marc:subfield code="e">forf.</marc:subfield>
			<marc:subfield code="0">https://viaf.org/viaf/313954579</marc:subfield>
		</marc:datafield>
		<marc:datafield tag="700" ind1=" " ind2=" ">
			<marc:subfield code="a">Goldman, Jane,</marc:subfield>
			<marc:subfield code="d">1970-,</marc:subfield>
			<marc:subfield code="e">manusforf.</marc:subfield>
			<marc:subfield code="4">aus</marc:subfield>
			<marc:subfield code="0">https://viaf.org/viaf/657144783121736971338</marc:subfield>
		</marc:datafield>
		<marc:datafield tag="700" ind1=" " ind2=" ">
			<marc:subfield code="a">Pfeiffer, Michelle,</marc:subfield>
			<marc:subfield code="d">1958-,</marc:subfield>
			<marc:subfield code="e">skuesp.</marc:subfield>
			<marc:subfield code="4">act</marc:subfield>
			<marc:subfield code="0">https://viaf.org/viaf/71499905</marc:subfield>
		</marc:datafield>
		<marc:datafield tag="700" ind1=" " ind2=" ">
			<marc:subfield code="a">Vaughn, Matthew,</marc:subfield>
			<marc:subfield code="d">1971-,</marc:subfield>
			<marc:subfield code="e">regissr̜</marc:subfield>
			<marc:subfield code="4">dir</marc:subfield>
			<marc:subfield code="0">https://viaf.org/viaf/44590703/</marc:subfield>
		</marc:datafield>
	</marc:record>