
	<marc:record>
		<marc:leader>01692nam a2200265 a 450 </marc:leader>
		<marc:controlfield tag="001">0401063</marc:controlfield>
		<marc:controlfield tag="008">      b               j          1 eng  </marc:controlfield>
		<marc:datafield tag="020" ind1=" " ind2=" ">
			<marc:subfield code="a">0-7475-6210-5 :</marc:subfield>
			<marc:subfield code="c">Nkr 100.00</marc:subfield>
		</marc:datafield>
		<marc:datafield tag="100" ind1=" " ind2=" ">
			<marc:subfield code="a">Gaiman, Neil,</marc:subfield>
			<marc:subfield code="d">1960-</marc:subfield>
			<marc:subfield code="4">aut</marc:subfield>
			<marc:subfield code="0">https://viaf.org/viaf/103859257</marc:subfield>
		</marc:datafield>
		<marc:datafield tag="245" ind1="1" ind2="0">
			<marc:subfield code="a">Coraline /</marc:subfield>
			<marc:subfield code="c">Neil Gaiman ; with illustrations by Dave McKean</marc:subfield>
		</marc:datafield>
		<marc:datafield tag="260" ind1=" " ind2=" ">
			<marc:subfield code="a">London :</marc:subfield>
			<marc:subfield code="b">Bloomsbury,</marc:subfield>
			<marc:subfield code="c">2003</marc:subfield>
		</marc:datafield>
		<marc:datafield tag="300" ind1=" " ind2=" ">
			<marc:subfield code="a">184 s. :</marc:subfield>
			<marc:subfield code="b">ill.</marc:subfield>
		</marc:datafield>
		<marc:datafield tag="336" ind1=" " ind2=" ">
			<marc:subfield code="a">text</marc:subfield>
			<marc:subfield code="b">txt</marc:subfield>
			<marc:subfield code="2">rdacontent</marc:subfield>
		</marc:datafield>
		<marc:datafield tag="337" ind1=" " ind2=" ">
			<marc:subfield code="a">unmediated</marc:subfield>
			<marc:subfield code="b">n</marc:subfield>
			<marc:subfield code="2">rdamedia</marc:subfield>
		</marc:datafield>
		<marc:datafield tag="338" ind1=" " ind2=" ">
			<marc:subfield code="a">volume</marc:subfield>
			<marc:subfield code="b">nc</marc:subfield>
			<marc:subfield code="2">rdacarrier</marc:subfield>
		</marc:datafield>
		<marc:datafield tag="380" ind1=" " ind2=" ">
			<marc:subfield code="a">Fiction</marc:subfield>
		</marc:datafield>
		<marc:datafield tag="503" ind1=" " ind2=" ">
			<marc:subfield code="a">Engelsk tekst</marc:subfield>
		</marc:datafield>
		<marc:datafield tag="520" ind1=" " ind2=" ">
			<marc:subfield code="a">Spenning/fantasy. Rett etter at de har flyttet til det nye huset, oppdager Coraline en dr̜ som ikke kan p̄nes. Bak den er det bare en murvegg, helt til den en dag plutselig leder inn i et speilbilde av deres egen leilighet. Der mt̜er Coraline ogs ̄speilbilder av sine egne foreldre - men i en versjon som er omsorgsfulle og alltid har tid til henne. Det er andre barn der ogs,̄ og foreldrene lager god mat til dem. Det er bare en ting som er rart: Alle har knapper i stedet for y̜ne! Og etter hvert begynner Coraline  ̄lengte tilbake til sine egne foreldre. Men kan hun bare dra tilbake til sin egen verden? Eller er hun faktisk en fange? Neil Gaiman har en rekke bk̜er bak seg, mest kjent er han nok som forfatteren bak den populr̆e tegneserien "Sandman".</marc:subfield>
		</marc:datafield>
		<marc:datafield tag="521" ind1=" " ind2=" ">
			<marc:subfield code="a">God, leselig skrift</marc:subfield>
		</marc:datafield>
		<marc:datafield tag="655" ind1=" " ind2=" ">
			<marc:subfield code="a">Roman</marc:subfield>
		</marc:datafield>
		<marc:datafield tag="655" ind1=" " ind2=" ">
			<marc:subfield code="a">Fantastisk</marc:subfield>
		</marc:datafield>
		<marc:datafield tag="655" ind1=" " ind2=" ">
			<marc:subfield code="a">Grøsser</marc:subfield>
		</marc:datafield>
		<marc:datafield tag="700" ind1=" " ind2=" ">
			<marc:subfield code="a">Brodin, Elin,</marc:subfield>
			<marc:subfield code="e">oversatter</marc:subfield>
			<marc:subfield code="4">trl</marc:subfield>
			<marc:subfield code="0">https://viaf.org/viaf/27104267</marc:subfield>
		</marc:datafield>
		<marc:datafield tag="700" ind1=" " ind2=" ">
			<marc:subfield code="a">Hagerup, Henning,</marc:subfield>
			<marc:subfield code="e">oversatter</marc:subfield>
			<marc:subfield code="4">trl</marc:subfield>
			<marc:subfield code="0">https://viaf.org/viaf/37016044</marc:subfield>
		</marc:datafield>
		<marc:datafield tag="700" ind1=" " ind2=" ">
			<marc:subfield code="a">McKean, Dave,</marc:subfield>
			<marc:subfield code="d">1963-,</marc:subfield>
			<marc:subfield code="e">illustr.</marc:subfield>
			<marc:subfield code="4">ill</marc:subfield>
			<marc:subfield code="0">https://viaf.org/viaf/54183463</marc:subfield>
		</marc:datafield>
	</marc:record>