
	<marc:record>
		<marc:leader>01488nam a2200277 a 450 </marc:leader>
		<marc:controlfield tag="001">0437388</marc:controlfield>
		<marc:controlfield tag="008">091012b               j          1 mul  </marc:controlfield>
		<marc:datafield tag="015" ind1=" " ind2=" ">
			<marc:subfield code="a">0248656</marc:subfield>
		</marc:datafield>
		<marc:datafield tag="015" ind1=" " ind2=" ">
			<marc:subfield code="a">1041870</marc:subfield>
		</marc:datafield>
		<marc:datafield tag="041" ind1=" " ind2=" ">
			<marc:subfield code="a">enghundut</marc:subfield>
			<marc:subfield code="b">nobswedanfiniceengdutarahun</marc:subfield>
		</marc:datafield>
		<marc:datafield tag="082" ind1="1" ind2="4">
			<marc:subfield code="2">5</marc:subfield>
		</marc:datafield>
		<marc:datafield tag="245" ind1="0" ind2="0">
			<marc:subfield code="a">Coraline og den hemmelige dr̜ /</marc:subfield>
			<marc:subfield code="c">written for the screen and directed by Henry Selick</marc:subfield>
			<marc:subfield code="h">dvd</marc:subfield>
		</marc:datafield>
		<marc:datafield tag="260" ind1=" " ind2=" ">
			<marc:subfield code="a">[Oslo] :</marc:subfield>
			<marc:subfield code="b">Universal Pictures Norway,</marc:subfield>
			<marc:subfield code="c">2009</marc:subfield>
		</marc:datafield>
		<marc:datafield tag="300" ind1=" " ind2=" ">
			<marc:subfield code="a">1 DVD (1 t, 37 min) :</marc:subfield>
			<marc:subfield code="b">lyd, kol.</marc:subfield>
		</marc:datafield>
		<marc:datafield tag="336" ind1=" " ind2=" ">
			<marc:subfield code="a">two-dimensional moving image</marc:subfield>
			<marc:subfield code="b">tdi</marc:subfield>
			<marc:subfield code="2">rdacontent</marc:subfield>
		</marc:datafield>
		<marc:datafield tag="337" ind1=" " ind2=" ">
			<marc:subfield code="a">projected</marc:subfield>
			<marc:subfield code="b">g</marc:subfield>
			<marc:subfield code="2">rdamedia</marc:subfield>
		</marc:datafield>
		<marc:datafield tag="338" ind1=" " ind2=" ">
			<marc:subfield code="a">videodisc</marc:subfield>
			<marc:subfield code="b">vd</marc:subfield>
			<marc:subfield code="2">rdacarrier</marc:subfield>
		</marc:datafield>
		<marc:datafield tag="380" ind1=" " ind2=" ">
			<marc:subfield code="a">Fiction</marc:subfield>
		</marc:datafield>
		<marc:datafield tag="500" ind1=" " ind2=" ">
			<marc:subfield code="a">Basert p:̄ Coraline / Neil Gaiman</marc:subfield>
		</marc:datafield>
		<marc:datafield tag="503" ind1=" " ind2=" ">
			<marc:subfield code="a">Filmen laget: 2009</marc:subfield>
		</marc:datafield>
		<marc:datafield tag="520" ind1=" " ind2=" ">
			<marc:subfield code="a">Coraline Jones synes livet er kjedelig, inntil hun en dag finner en hemmelig dr̜, og oppdager en alternativ og bedre versjon av sitt eget liv p ̄den andre siden. Nr̄ denne tilsynelatende perfekte verdenen begynner  ̄bli farlig og hennes andre foreldre - herunder hennes andre mor - prv̜er  ̄holde henne der for alltid, m ̄Coraline samle all sin oppfinnsomhet, besluttsomhet og mot for  ̄komme seg hjem igjen for  ̄redde sin egen familie.  Filmen er basert p ̄Neil Gaimans bestselgende bok og fikk terningkast 4-6 i norske aviser.</marc:subfield>
		</marc:datafield>
		<marc:datafield tag="521" ind1=" " ind2=" ">
			<marc:subfield code="a">Aldersgrense 11 r̄</marc:subfield>
		</marc:datafield>
		<marc:datafield tag="534" ind1=" " ind2=" ">
			<marc:subfield code="a">Engelsk tittel: Coraline</marc:subfield>
		</marc:datafield>
		<marc:datafield tag="655" ind1=" " ind2=" ">
			<marc:subfield code="a">Fantastisk</marc:subfield>
		</marc:datafield>
		<marc:datafield tag="700" ind1=" " ind2=" ">
			<marc:subfield code="a">Gaiman, Neil,</marc:subfield>
			<marc:subfield code="d">1960-,</marc:subfield>
			<marc:subfield code="t">Coraline,</marc:subfield>
			<marc:subfield code="e">forf.</marc:subfield>
			<marc:subfield code="0">https://viaf.org/viaf/212922697</marc:subfield>
		</marc:datafield>
		<marc:datafield tag="700" ind1=" " ind2=" ">
			<marc:subfield code="a">Selick, Henry,</marc:subfield>
			<marc:subfield code="e">regissr̜</marc:subfield>
			<marc:subfield code="4">dir</marc:subfield>
			<marc:subfield code="0">https://viaf.org/viaf/12502946</marc:subfield>
		</marc:datafield>
	</marc:record>