
	<marc:record>
		<marc:leader>00626nam a2200193 a 450 </marc:leader>
		<marc:controlfield tag="001">0110328</marc:controlfield>
		<marc:controlfield tag="008">940627b                          0 eng  </marc:controlfield>
		<marc:datafield tag="020" ind1=" " ind2=" ">
			<marc:subfield code="a">1-85286-411-7</marc:subfield>
		</marc:datafield>
		<marc:datafield tag="082" ind1="1" ind2="4">
			<marc:subfield code="a">820</marc:subfield>
		</marc:datafield>
		<marc:datafield tag="100" ind1=" " ind2=" ">
			<marc:subfield code="a">Gaiman, Neil</marc:subfield>
			<marc:subfield code="4">aut</marc:subfield>
			<marc:subfield code="0">https://viaf.org/viaf/103859257</marc:subfield>
		</marc:datafield>
		<marc:datafield tag="245" ind1=" " ind2=" ">
			<marc:subfield code="a">Don't panic :</marc:subfield>
			<marc:subfield code="b">Douglas Adams &amp; The hitch hiker's guide to the galaxy</marc:subfield>
		</marc:datafield>
		<marc:datafield tag="260" ind1=" " ind2=" ">
			<marc:subfield code="a">London :</marc:subfield>
			<marc:subfield code="b">Titan Books,</marc:subfield>
			<marc:subfield code="c">U..̄</marc:subfield>
		</marc:datafield>
		<marc:datafield tag="300" ind1=" " ind2=" ">
			<marc:subfield code="a">225 s.</marc:subfield>
		</marc:datafield>
		<marc:datafield tag="336" ind1=" " ind2=" ">
			<marc:subfield code="a">text</marc:subfield>
			<marc:subfield code="b">txt</marc:subfield>
			<marc:subfield code="2">rdacontent</marc:subfield>
		</marc:datafield>
		<marc:datafield tag="337" ind1=" " ind2=" ">
			<marc:subfield code="a">unmediated</marc:subfield>
			<marc:subfield code="b">n</marc:subfield>
			<marc:subfield code="2">rdamedia</marc:subfield>
		</marc:datafield>
		<marc:datafield tag="338" ind1=" " ind2=" ">
			<marc:subfield code="a">volume</marc:subfield>
			<marc:subfield code="b">nc</marc:subfield>
			<marc:subfield code="2">rdacarrier</marc:subfield>
		</marc:datafield>
		<marc:datafield tag="600" ind1=" " ind2="4">
			<marc:subfield code="a">Adams, Douglas,</marc:subfield>
			<marc:subfield code="d">1952-2001.</marc:subfield>
			<marc:subfield code="t">The hitch hiker's guide to the galaxy</marc:subfield>
		</marc:datafield>
		<marc:datafield tag="655" ind1=" " ind2=" ">
			<marc:subfield code="a">Roman</marc:subfield>
		</marc:datafield>
		<marc:datafield tag="655" ind1=" " ind2=" ">
			<marc:subfield code="a">Science fiction</marc:subfield>
		</marc:datafield>
	</marc:record>