
	<marc:record>
		<marc:leader>01446nam a2200289 a 450 </marc:leader>
		<marc:controlfield tag="001">0468742</marc:controlfield>
		<marc:controlfield tag="008">100923b               j          1 nob  </marc:controlfield>
		<marc:datafield tag="015" ind1=" " ind2=" ">
			<marc:subfield code="a">0257954</marc:subfield>
		</marc:datafield>
		<marc:datafield tag="015" ind1=" " ind2=" ">
			<marc:subfield code="a">1083555</marc:subfield>
		</marc:datafield>
		<marc:datafield tag="020" ind1=" " ind2=" ">
			<marc:subfield code="a">978-82-516-3508-0</marc:subfield>
		</marc:datafield>
		<marc:datafield tag="041" ind1=" " ind2=" ">
			<marc:subfield code="h">eng</marc:subfield>
		</marc:datafield>
		<marc:datafield tag="082" ind1="1" ind2="4">
			<marc:subfield code="a">133.1</marc:subfield>
			<marc:subfield code="2">5</marc:subfield>
		</marc:datafield>
		<marc:datafield tag="100" ind1=" " ind2=" ">
			<marc:subfield code="a">Gaiman, Neil,</marc:subfield>
			<marc:subfield code="d">1960-</marc:subfield>
			<marc:subfield code="4">aut</marc:subfield>
			<marc:subfield code="0">https://viaf.org/viaf/103859257</marc:subfield>
		</marc:datafield>
		<marc:datafield tag="245" ind1="1" ind2="0">
			<marc:subfield code="a">Kirkegr̄dsboken /</marc:subfield>
			<marc:subfield code="c">av Neil Gaiman ; oversatt av Stian Omland ; illustrert av Chris Riddell</marc:subfield>
		</marc:datafield>
		<marc:datafield tag="260" ind1=" " ind2=" ">
			<marc:subfield code="a">Oslo :</marc:subfield>
			<marc:subfield code="b">Schibsted,</marc:subfield>
			<marc:subfield code="c">cop. 2010</marc:subfield>
		</marc:datafield>
		<marc:datafield tag="300" ind1=" " ind2=" ">
			<marc:subfield code="a">287 s. :</marc:subfield>
			<marc:subfield code="b">ill.</marc:subfield>
		</marc:datafield>
		<marc:datafield tag="336" ind1=" " ind2=" ">
			<marc:subfield code="a">text</marc:subfield>
			<marc:subfield code="b">txt</marc:subfield>
			<marc:subfield code="2">rdacontent</marc:subfield>
		</marc:datafield>
		<marc:datafield tag="337" ind1=" " ind2=" ">
			<marc:subfield code="a">unmediated</marc:subfield>
			<marc:subfield code="b">n</marc:subfield>
			<marc:subfield code="2">rdamedia</marc:subfield>
		</marc:datafield>
		<marc:datafield tag="338" ind1=" " ind2=" ">
			<marc:subfield code="a">volume</marc:subfield>
			<marc:subfield code="b">nc</marc:subfield>
			<marc:subfield code="2">rdacarrier</marc:subfield>
		</marc:datafield>
		<marc:datafield tag="380" ind1=" " ind2=" ">
			<marc:subfield code="a">Fiction</marc:subfield>
		</marc:datafield>
		<marc:datafield tag="520" ind1=" " ind2=" ">
			<marc:subfield code="a">Nobody Owens, eller Bob som han ogs ̄blir kalt, er en helt vanlig gutt som vokser opp p ̄en kirkegr̄d. Han ville vr̆t fullstendig normal hvis han ikke hadde bodd p ̄en kirkegr̄d, hvor han blir oppdratt og utdannet av spk̜elser. Kirkegr̄den byr p ̄bd̄e farer og spennende opplevelser, men det er i landet til de levende at de virkelige farer truer. Der bor nemlig Jack, mannen som allerede har tatt livet av Nobodys familie, og som fortsatt leter etter Nobody. Spenning for mellomtrinnet.</marc:subfield>
		</marc:datafield>
		<marc:datafield tag="534" ind1=" " ind2=" ">
			<marc:subfield code="a">Originaltittel: The graveyard book</marc:subfield>
		</marc:datafield>
		<marc:datafield tag="650" ind1="2" ind2="4">
			<marc:subfield code="a">Spøkelser</marc:subfield>
		</marc:datafield>
		<marc:datafield tag="655" ind1=" " ind2=" ">
			<marc:subfield code="a">Roman</marc:subfield>
		</marc:datafield>
		<marc:datafield tag="655" ind1=" " ind2=" ">
			<marc:subfield code="a">Grøsser</marc:subfield>
		</marc:datafield>
		<marc:datafield tag="700" ind1=" " ind2=" ">
			<marc:subfield code="a">Omland, Stian,</marc:subfield>
			<marc:subfield code="d">1966-,</marc:subfield>
			<marc:subfield code="e">overs.</marc:subfield>
			<marc:subfield code="4">trl</marc:subfield>
			<marc:subfield code="0">https://viaf.org/viaf/222277111</marc:subfield>
		</marc:datafield>
		<marc:datafield tag="700" ind1=" " ind2=" ">
			<marc:subfield code="a">Riddell, Chris,</marc:subfield>
			<marc:subfield code="d">1962-,</marc:subfield>
			<marc:subfield code="e">illustr.</marc:subfield>
			<marc:subfield code="4">ill</marc:subfield>
			<marc:subfield code="0">https://viaf.org/viaf/9971208</marc:subfield>
		</marc:datafield>
	</marc:record>