
	<marc:record>
		<marc:leader>01596nam a2200337 a 450 </marc:leader>
		<marc:controlfield tag="001">0769124</marc:controlfield>
		<marc:controlfield tag="008">170905s2017    no     j          1 nob  </marc:controlfield>
		<marc:datafield tag="015" ind1=" " ind2=" ">
			<marc:subfield code="a">10704758</marc:subfield>
		</marc:datafield>
		<marc:datafield tag="015" ind1=" " ind2=" ">
			<marc:subfield code="a">150260757</marc:subfield>
		</marc:datafield>
		<marc:datafield tag="020" ind1=" " ind2=" ">
			<marc:subfield code="a">978-82-516-8618-1</marc:subfield>
		</marc:datafield>
		<marc:datafield tag="041" ind1="1" ind2=" ">
			<marc:subfield code="a">nob</marc:subfield>
			<marc:subfield code="h">eng</marc:subfield>
		</marc:datafield>
		<marc:datafield tag="082" ind1="1" ind2="4">
			<marc:subfield code="2">5</marc:subfield>
		</marc:datafield>
		<marc:datafield tag="100" ind1="1" ind2=" ">
			<marc:subfield code="a">Gaiman, Neil,</marc:subfield>
			<marc:subfield code="d">1960-,</marc:subfield>
			<marc:subfield code="g">m</marc:subfield>
			<marc:subfield code="4">aut</marc:subfield>
			<marc:subfield code="0">https://viaf.org/viaf/103859257</marc:subfield>
		</marc:datafield>
		<marc:datafield tag="245" ind1="1" ind2="0">
			<marc:subfield code="a">Neverwhere :</marc:subfield>
			<marc:subfield code="b">London under /</marc:subfield>
			<marc:subfield code="c">Neil Gaiman ; illustrert av Chris Riddell ; oversatt av Ina Vassbotn Steinman</marc:subfield>
		</marc:datafield>
		<marc:datafield tag="260" ind1=" " ind2=" ">
			<marc:subfield code="a">Bergen :</marc:subfield>
			<marc:subfield code="b">Vigmostad Bjr̜ke,</marc:subfield>
			<marc:subfield code="c">2017</marc:subfield>
		</marc:datafield>
		<marc:datafield tag="300" ind1=" " ind2=" ">
			<marc:subfield code="a">431 s. :</marc:subfield>
			<marc:subfield code="b">ill.</marc:subfield>
		</marc:datafield>
		<marc:datafield tag="336" ind1=" " ind2=" ">
			<marc:subfield code="a">text</marc:subfield>
			<marc:subfield code="b">txt</marc:subfield>
			<marc:subfield code="2">rdacontent</marc:subfield>
		</marc:datafield>
		<marc:datafield tag="337" ind1=" " ind2=" ">
			<marc:subfield code="a">unmediated</marc:subfield>
			<marc:subfield code="b">n</marc:subfield>
			<marc:subfield code="2">rdamedia</marc:subfield>
		</marc:datafield>
		<marc:datafield tag="338" ind1=" " ind2=" ">
			<marc:subfield code="a">volume</marc:subfield>
			<marc:subfield code="b">nc</marc:subfield>
			<marc:subfield code="2">rdacarrier</marc:subfield>
		</marc:datafield>
		<marc:datafield tag="380" ind1=" " ind2=" ">
			<marc:subfield code="a">Fiction</marc:subfield>
		</marc:datafield>
		<marc:datafield tag="500" ind1=" " ind2=" ">
			<marc:subfield code="a">P ̄tittelsiden: Forfatterens foretrukne tekst</marc:subfield>
		</marc:datafield>
		<marc:datafield tag="505" ind1="1" ind2=" ">
			<marc:subfield code="a">Inneholder ogs ̄historien: Hvordan markien fikk frakken sin tilbake</marc:subfield>
		</marc:datafield>
		<marc:datafield tag="520" ind1=" " ind2=" ">
			<marc:subfield code="a">En dag stopper Richard Mayhew for  ̄hjelpe den unge jenta Door, som ligger sr̄et i en av Londons gater. Etter det blir livet aldri det samme igjen. Gjennom en rift i virkeligheten havner han i Neverwhere et skyggefylt og underjordisk vrengebilde av London. Hvis Richard skal kunne vende tilbake til sin egen verden, m ̄han slutte seg til Door selv om det innebr̆er  ̄risikere livet.</marc:subfield>
		</marc:datafield>
		<marc:datafield tag="534" ind1=" " ind2=" ">
			<marc:subfield code="a">Originaltittel: Neverwhere</marc:subfield>
		</marc:datafield>
		<marc:datafield tag="650" ind1="0" ind2="4">
			<marc:subfield code="a">Hjemløse</marc:subfield>
		</marc:datafield>
		<marc:datafield tag="655" ind1=" " ind2=" ">
			<marc:subfield code="a">Fantastisk</marc:subfield>
		</marc:datafield>
		<marc:datafield tag="655" ind1=" " ind2=" ">
			<marc:subfield code="a">Grøsser</marc:subfield>
		</marc:datafield>
		<marc:datafield tag="655" ind1=" " ind2=" ">
			<marc:subfield code="a">Romaner</marc:subfield>
		</marc:datafield>
		<marc:datafield tag="700" ind1="1" ind2=" ">
			<marc:subfield code="a">Riddell, Chris,</marc:subfield>
			<marc:subfield code="d">1962-,</marc:subfield>
			<marc:subfield code="e">illustr.</marc:subfield>
			<marc:subfield code="4">ill</marc:subfield>
			<marc:subfield code="0">https://viaf.org/viaf/9971208</marc:subfield>
		</marc:datafield>
		<marc:datafield tag="700" ind1="1" ind2=" ">
			<marc:subfield code="a">Steinman, Ina Vassbotn,</marc:subfield>
			<marc:subfield code="d">1985-,</marc:subfield>
			<marc:subfield code="e">overs.</marc:subfield>
			<marc:subfield code="4">trl</marc:subfield>
			<marc:subfield code="0">https://viaf.org/viaf/293243173</marc:subfield>
		</marc:datafield>
		<marc:datafield tag="740" ind1="0" ind2=" ">
			<marc:subfield code="a">Hvordan markien fikk frakken sin tilbake</marc:subfield>
		</marc:datafield>
	</marc:record>