
	<marc:record>
		<marc:leader>01650nam a2200265 a 450 </marc:leader>
		<marc:controlfield tag="001">0769654</marc:controlfield>
		<marc:controlfield tag="008">171018s2017    no                1 nob  </marc:controlfield>
		<marc:datafield tag="015" ind1=" " ind2=" ">
			<marc:subfield code="a">10778820</marc:subfield>
		</marc:datafield>
		<marc:datafield tag="015" ind1=" " ind2=" ">
			<marc:subfield code="a">150273627</marc:subfield>
		</marc:datafield>
		<marc:datafield tag="020" ind1=" " ind2=" ">
			<marc:subfield code="a">978-82-419-1498-0</marc:subfield>
		</marc:datafield>
		<marc:datafield tag="041" ind1="1" ind2=" ">
			<marc:subfield code="a">nob</marc:subfield>
			<marc:subfield code="h">eng</marc:subfield>
		</marc:datafield>
		<marc:datafield tag="100" ind1="1" ind2=" ">
			<marc:subfield code="a">Gaiman, Neil,</marc:subfield>
			<marc:subfield code="g">m</marc:subfield>
			<marc:subfield code="4">aut</marc:subfield>
			<marc:subfield code="0">https://viaf.org/viaf/103859257</marc:subfield>
		</marc:datafield>
		<marc:datafield tag="245" ind1="1" ind2="0">
			<marc:subfield code="a">Norrøne guder :</marc:subfield>
			<marc:subfield code="b">fra Yggdrasil til ragnarok /</marc:subfield>
			<marc:subfield code="c">Neil Gaiman ; oversatt av Stian Omland</marc:subfield>
		</marc:datafield>
		<marc:datafield tag="260" ind1=" " ind2=" ">
			<marc:subfield code="a">Bergen :</marc:subfield>
			<marc:subfield code="b">Vigmostad Bjr̜ke,</marc:subfield>
			<marc:subfield code="c">2017</marc:subfield>
		</marc:datafield>
		<marc:datafield tag="300" ind1=" " ind2=" ">
			<marc:subfield code="a">312 s. ;</marc:subfield>
			<marc:subfield code="c">21 cm</marc:subfield>
		</marc:datafield>
		<marc:datafield tag="336" ind1=" " ind2=" ">
			<marc:subfield code="a">text</marc:subfield>
			<marc:subfield code="b">txt</marc:subfield>
			<marc:subfield code="2">rdacontent</marc:subfield>
		</marc:datafield>
		<marc:datafield tag="337" ind1=" " ind2=" ">
			<marc:subfield code="a">unmediated</marc:subfield>
			<marc:subfield code="b">n</marc:subfield>
			<marc:subfield code="2">rdamedia</marc:subfield>
		</marc:datafield>
		<marc:datafield tag="338" ind1=" " ind2=" ">
			<marc:subfield code="a">volume</marc:subfield>
			<marc:subfield code="b">nc</marc:subfield>
			<marc:subfield code="2">rdacarrier</marc:subfield>
		</marc:datafield>
		<marc:datafield tag="380" ind1=" " ind2=" ">
			<marc:subfield code="a">Fiction</marc:subfield>
		</marc:datafield>
		<marc:datafield tag="520" ind1=" " ind2=" ">
			<marc:subfield code="a">I denne gjenfortellingen av gamle norrn̜e myter begynner Gaiman p ̄klassisk vis med verdens skapelse og ender med ragnarok. Men med sin komprimerte og humoristiske fortellerstil fr̄ Gaiman frem nye sider ved historiene. Norrn̜e guder - fra Yggdrasil til ragnarok er en fantastisk introduksjon til norrn̜ mytologi for dem som ikke allerede kjenner den, og en ny og annerledes tilnr̆ming for andre. NEIL GAIMAN ble fd̜t i England i 1960, men har de siste r̄ene bodd i USA. Etter at han slo gjennom med tegneserien Sandman, har han skrevet en rekke kritikerroste bk̜er for barn og voksne, inkludert Neverwhere, Stjernestv̜, Amerikanske guder, Kirkegr̄dsboken og Coraline. Han har en stor tilhengerskare over hele verden og blir av mange regnet som en av de str̜ste fornyerne av fantasysjangeren.</marc:subfield>
		</marc:datafield>
		<marc:datafield tag="534" ind1=" " ind2=" ">
			<marc:subfield code="a">Originaltittel: Norse mythology</marc:subfield>
		</marc:datafield>
		<marc:datafield tag="650" ind1="0" ind2="4">
			<marc:subfield code="a">Norrøn mytologi</marc:subfield>
		</marc:datafield>
		<marc:datafield tag="655" ind1=" " ind2=" ">
			<marc:subfield code="a">Roman</marc:subfield>
		</marc:datafield>
		<marc:datafield tag="655" ind1=" " ind2=" ">
			<marc:subfield code="a">Fantastisk</marc:subfield>
		</marc:datafield>
		<marc:datafield tag="700" ind1="1" ind2=" ">
			<marc:subfield code="a">Omland, Stian,</marc:subfield>
			<marc:subfield code="d">1966-,</marc:subfield>
			<marc:subfield code="e">overs.</marc:subfield>
			<marc:subfield code="4">trl</marc:subfield>
			<marc:subfield code="0">https://viaf.org/viaf/222277111</marc:subfield>
		</marc:datafield>
	</marc:record>