
	<marc:record>
		<marc:leader>01133caa a22002657i 4500</marc:leader>
		<marc:controlfield tag="001">22587917</marc:controlfield>
		<marc:controlfield tag="003">LIBRIS</marc:controlfield>
		<marc:controlfield tag="005">20180419162836.0</marc:controlfield>
		<marc:controlfield tag="008">180419s2018    xxu||||      |00| 0 eng c</marc:controlfield>
		<marc:datafield tag="040" ind1=" " ind2=" ">
			<marc:subfield code="a">Sbi</marc:subfield>
			<marc:subfield code="b">swe</marc:subfield>
			<marc:subfield code="e">rda</marc:subfield>
		</marc:datafield>
		<marc:datafield tag="042" ind1=" " ind2=" ">
			<marc:subfield code="9">BULB</marc:subfield>
		</marc:datafield>
		<marc:datafield tag="100" ind1="1" ind2=" ">
			<marc:subfield code="a">O'Connor, Danielle A.</marc:subfield>
			<marc:subfield code="4">aut</marc:subfield>
		</marc:datafield>
		<marc:datafield tag="245" ind1="1" ind2="0">
			<marc:subfield code="a">Frozen rivers, moving homes, and crossing bridges :</marc:subfield>
			<marc:subfield code="b">liminal space and time in Neil Gaiman's Odd and the frost giants and A. A. Milne's The House at Pooh Corner /</marc:subfield>
			<marc:subfield code="c">Danielle A. O'Connor</marc:subfield>
		</marc:datafield>
		<marc:datafield tag="336" ind1=" " ind2=" ">
			<marc:subfield code="a">text</marc:subfield>
			<marc:subfield code="b">txt</marc:subfield>
			<marc:subfield code="2">rdacontent</marc:subfield>
		</marc:datafield>
		<marc:datafield tag="337" ind1=" " ind2=" ">
			<marc:subfield code="a">unmediated</marc:subfield>
			<marc:subfield code="b">n</marc:subfield>
			<marc:subfield code="2">rdamedia</marc:subfield>
		</marc:datafield>
		<marc:datafield tag="338" ind1=" " ind2=" ">
			<marc:subfield code="a">volume</marc:subfield>
			<marc:subfield code="b">nc</marc:subfield>
			<marc:subfield code="2">rdacarrier</marc:subfield>
		</marc:datafield>
		<marc:datafield tag="600" ind1="1" ind2="4">
			<marc:subfield code="a">Gaiman, Neil.</marc:subfield>
			<marc:subfield code="t">Odd and the frost giants</marc:subfield>
			<marc:subfield code="0">https://viaf.org/viaf/103859257</marc:subfield>
		</marc:datafield>
		<marc:datafield tag="600" ind1="1" ind2="4">
			<marc:subfield code="a">Gaiman, Neil.</marc:subfield>
			<marc:subfield code="t">Odd och frostjt̃tarna</marc:subfield>
			<marc:subfield code="0">https://viaf.org/viaf/103859257</marc:subfield>
		</marc:datafield>
		<marc:datafield tag="600" ind1="1" ind2="4">
			<marc:subfield code="a">Milne, A. A.</marc:subfield>
			<marc:subfield code="q">(Alan Alexander),</marc:subfield>
			<marc:subfield code="d">1882-1956.</marc:subfield>
			<marc:subfield code="t">The house at Pooh Corner</marc:subfield>
		</marc:datafield>
		<marc:datafield tag="600" ind1="1" ind2="4">
			<marc:subfield code="a">Milne, A. A.</marc:subfield>
			<marc:subfield code="q">(Alan Alexander),</marc:subfield>
			<marc:subfield code="d">1882-1956.</marc:subfield>
			<marc:subfield code="t">Nalle Puhs hr̲na</marc:subfield>
		</marc:datafield>
		<marc:datafield tag="650" ind1=" " ind2="7">
			<marc:subfield code="a">Tid og rom i litteraturen</marc:subfield>
			<marc:subfield code="2">sbiao</marc:subfield>
		</marc:datafield>
		<marc:datafield tag="650" ind1=" " ind2="7">
			<marc:subfield code="a">Ungdom i litteraturen</marc:subfield>
			<marc:subfield code="2">sbiao</marc:subfield>
		</marc:datafield>
		<marc:datafield tag="650" ind1=" " ind2="7">
			<marc:subfield code="a">Bilde-tekst relasjon</marc:subfield>
			<marc:subfield code="2">sbiao</marc:subfield>
		</marc:datafield>
		<marc:datafield tag="655" ind1=" " ind2="7">
			<marc:subfield code="a">Analyse og tolkning</marc:subfield>
			<marc:subfield code="2">saogf</marc:subfield>
			<marc:subfield code="0">353616</marc:subfield>
		</marc:datafield>
		<marc:datafield tag="773" ind1="0" ind2=" ">
			<marc:subfield code="t">Children's literature association quarterly</marc:subfield>
			<marc:subfield code="x">0885-0429</marc:subfield>
			<marc:subfield code="w">3918212</marc:subfield>
			<marc:subfield code="g">2018(43):1, sidorna [28]-46</marc:subfield>
		</marc:datafield>
	</marc:record>