
	<marc:record>
		<marc:leader>01077caa a22002657a 4500</marc:leader>
		<marc:controlfield tag="001">18241404</marc:controlfield>
		<marc:controlfield tag="003">LIBRIS</marc:controlfield>
		<marc:controlfield tag="005">20180116124331.0</marc:controlfield>
		<marc:controlfield tag="008">150812s2015    xxu||||       00| 0 eng c</marc:controlfield>
		<marc:datafield tag="040" ind1=" " ind2=" ">
			<marc:subfield code="a">Sbi</marc:subfield>
		</marc:datafield>
		<marc:datafield tag="042" ind1=" " ind2=" ">
			<marc:subfield code="9">BULB</marc:subfield>
		</marc:datafield>
		<marc:datafield tag="100" ind1="1" ind2=" ">
			<marc:subfield code="a">Palkovich, Einat Natalie</marc:subfield>
			<marc:subfield code="4">aut</marc:subfield>
			<marc:subfield code="0">https://viaf.org/viaf/310741781</marc:subfield>
		</marc:datafield>
		<marc:datafield tag="245" ind1="1" ind2="5">
			<marc:subfield code="a">The "mother" of all schemas :</marc:subfield>
			<marc:subfield code="b">creating cognitive dissonance in children's fantasy literature using the mother figure /</marc:subfield>
			<marc:subfield code="c">Einat Natalie Palkovich</marc:subfield>
		</marc:datafield>
		<marc:datafield tag="336" ind1=" " ind2=" ">
			<marc:subfield code="a">text</marc:subfield>
			<marc:subfield code="b">txt</marc:subfield>
			<marc:subfield code="2">rdacontent</marc:subfield>
		</marc:datafield>
		<marc:datafield tag="337" ind1=" " ind2=" ">
			<marc:subfield code="a">unmediated</marc:subfield>
			<marc:subfield code="b">n</marc:subfield>
			<marc:subfield code="2">rdamedia</marc:subfield>
		</marc:datafield>
		<marc:datafield tag="338" ind1=" " ind2=" ">
			<marc:subfield code="a">volume</marc:subfield>
			<marc:subfield code="b">nc</marc:subfield>
			<marc:subfield code="2">rdacarrier</marc:subfield>
		</marc:datafield>
		<marc:datafield tag="500" ind1=" " ind2=" ">
			<marc:subfield code="a">Fler artiklar om md̲rar i barn- och ungdomslitteratur i samma nummer</marc:subfield>
		</marc:datafield>
		<marc:datafield tag="600" ind1="1" ind2="4">
			<marc:subfield code="a">Gaiman, Neil.</marc:subfield>
			<marc:subfield code="t">Coraline</marc:subfield>
			<marc:subfield code="0">https://viaf.org/viaf/103859257</marc:subfield>
		</marc:datafield>
		<marc:datafield tag="600" ind1="1" ind2="4">
			<marc:subfield code="a">Andrews, Virginia C.</marc:subfield>
			<marc:subfield code="t">Flowers in the attic</marc:subfield>
		</marc:datafield>
		<marc:datafield tag="600" ind1="1" ind2="4">
			<marc:subfield code="a">Andrews, Virginia C.</marc:subfield>
			<marc:subfield code="t">Vindstrd̃gr̄den</marc:subfield>
		</marc:datafield>
		<marc:datafield tag="650" ind1=" " ind2="7">
			<marc:subfield code="a">Mødrer i litteraturen</marc:subfield>
			<marc:subfield code="2">sbiao</marc:subfield>
		</marc:datafield>
		<marc:datafield tag="650" ind1=" " ind2="7">
			<marc:subfield code="a">Litteraturpsykologi</marc:subfield>
			<marc:subfield code="2">sbiao</marc:subfield>
		</marc:datafield>
		<marc:datafield tag="650" ind1=" " ind2="7">
			<marc:subfield code="a">Fantastisk litteratur</marc:subfield>
			<marc:subfield code="2">sbiao</marc:subfield>
		</marc:datafield>
		<marc:datafield tag="655" ind1=" " ind2="7">
			<marc:subfield code="a">Analyse og tolkning</marc:subfield>
			<marc:subfield code="2">saogf</marc:subfield>
			<marc:subfield code="0">353616</marc:subfield>
		</marc:datafield>
		<marc:datafield tag="773" ind1="0" ind2=" ">
			<marc:subfield code="t">Children's literature in education</marc:subfield>
			<marc:subfield code="x">ISSN 0045-6713</marc:subfield>
			<marc:subfield code="w">3432543</marc:subfield>
			<marc:subfield code="g">2015(46):2, s. [175]-189</marc:subfield>
		</marc:datafield>
	</marc:record>