
	<marc:record>
		<marc:leader>01030caa a22002897a 4500</marc:leader>
		<marc:controlfield tag="001">17774019</marc:controlfield>
		<marc:controlfield tag="003">LIBRIS</marc:controlfield>
		<marc:controlfield tag="005">20150608163420.0</marc:controlfield>
		<marc:controlfield tag="008">150324s2014    xxu||||      |00| 0 eng c</marc:controlfield>
		<marc:datafield tag="040" ind1=" " ind2=" ">
			<marc:subfield code="a">Sbi</marc:subfield>
		</marc:datafield>
		<marc:datafield tag="042" ind1=" " ind2=" ">
			<marc:subfield code="9">BULB</marc:subfield>
		</marc:datafield>
		<marc:datafield tag="100" ind1="1" ind2=" ">
			<marc:subfield code="a">Christopher, Brandon</marc:subfield>
			<marc:subfield code="4">aut</marc:subfield>
		</marc:datafield>
		<marc:datafield tag="245" ind1="1" ind2="0">
			<marc:subfield code="a">"I will not, be haunted, by myself!" :</marc:subfield>
			<marc:subfield code="b">originality, derivation, and the hauntology of the superhero comic /</marc:subfield>
			<marc:subfield code="c">Brandon Christopher</marc:subfield>
		</marc:datafield>
		<marc:datafield tag="336" ind1=" " ind2=" ">
			<marc:subfield code="a">text</marc:subfield>
			<marc:subfield code="b">txt</marc:subfield>
			<marc:subfield code="2">rdacontent</marc:subfield>
		</marc:datafield>
		<marc:datafield tag="336" ind1=" " ind2=" ">
			<marc:subfield code="a">still image</marc:subfield>
			<marc:subfield code="b">sti</marc:subfield>
			<marc:subfield code="2">rdacontent</marc:subfield>
		</marc:datafield>
		<marc:datafield tag="337" ind1=" " ind2=" ">
			<marc:subfield code="a">unmediated</marc:subfield>
			<marc:subfield code="b">n</marc:subfield>
			<marc:subfield code="2">rdamedia</marc:subfield>
		</marc:datafield>
		<marc:datafield tag="338" ind1=" " ind2=" ">
			<marc:subfield code="a">volume</marc:subfield>
			<marc:subfield code="b">nc</marc:subfield>
			<marc:subfield code="2">rdacarrier</marc:subfield>
		</marc:datafield>
		<marc:datafield tag="600" ind1="1" ind2="4">
			<marc:subfield code="a">Moore, Alan.</marc:subfield>
			<marc:subfield code="t">Swamp Thing</marc:subfield>
		</marc:datafield>
		<marc:datafield tag="600" ind1="1" ind2="4">
			<marc:subfield code="a">Gaiman, Neil.</marc:subfield>
			<marc:subfield code="t">Black Orchid</marc:subfield>
			<marc:subfield code="0">https://viaf.org/viaf/103859257</marc:subfield>
		</marc:datafield>
		<marc:datafield tag="600" ind1="1" ind2="4">
			<marc:subfield code="a">Gaiman, Neil.</marc:subfield>
			<marc:subfield code="t">The Sandman</marc:subfield>
			<marc:subfield code="0">https://viaf.org/viaf/103859257</marc:subfield>
		</marc:datafield>
		<marc:datafield tag="600" ind1="1" ind2="4">
			<marc:subfield code="a">Waid, Mark.</marc:subfield>
			<marc:subfield code="t">Superman birthright</marc:subfield>
		</marc:datafield>
		<marc:datafield tag="650" ind1=" " ind2="7">
			<marc:subfield code="a">Upprepningar i litteraturen</marc:subfield>
			<marc:subfield code="2">sbiao</marc:subfield>
		</marc:datafield>
		<marc:datafield tag="650" ind1=" " ind2="7">
			<marc:subfield code="a">Intertekstualitet</marc:subfield>
		</marc:datafield>
		<marc:datafield tag="650" ind1=" " ind2="7">
			<marc:subfield code="a">Tegneserier</marc:subfield>
		</marc:datafield>
		<marc:datafield tag="650" ind1=" " ind2="7">
			<marc:subfield code="a">Hjl̃tar i litteraturen</marc:subfield>
		</marc:datafield>
		<marc:datafield tag="655" ind1=" " ind2="7">
			<marc:subfield code="a">Analyse og tolkning</marc:subfield>
		</marc:datafield>
		<marc:datafield tag="773" ind1="0" ind2=" ">
			<marc:subfield code="t">Seriality and texts for young people : the compulsion to repeat</marc:subfield>
			<marc:subfield code="d">2014</marc:subfield>
			<marc:subfield code="z">9781137355997</marc:subfield>
			<marc:subfield code="w">17525685</marc:subfield>
			<marc:subfield code="g">S. 166-187</marc:subfield>
		</marc:datafield>
	</marc:record>