
	<marc:record>
		<marc:leader>00690caa a22001937ar4500</marc:leader>
		<marc:controlfield tag="001">14673350</marc:controlfield>
		<marc:controlfield tag="003">LIBRIS</marc:controlfield>
		<marc:controlfield tag="005">20150812105951.0</marc:controlfield>
		<marc:controlfield tag="008">130822s2012    xxu||||       000 0 eng c</marc:controlfield>
		<marc:datafield tag="040" ind1=" " ind2=" ">
			<marc:subfield code="a">Sbi</marc:subfield>
		</marc:datafield>
		<marc:datafield tag="042" ind1=" " ind2=" ">
			<marc:subfield code="9">BULB</marc:subfield>
		</marc:datafield>
		<marc:datafield tag="100" ind1="1" ind2=" ">
			<marc:subfield code="a">Wilkie-Stibbs, Christine,</marc:subfield>
			<marc:subfield code="d">1948-</marc:subfield>
			<marc:subfield code="4">aut</marc:subfield>
			<marc:subfield code="0">https://viaf.org/viaf/17456230</marc:subfield>
		</marc:datafield>
		<marc:datafield tag="245" ind1="1" ind2="0">
			<marc:subfield code="a">Imaging fear :</marc:subfield>
			<marc:subfield code="b">inside the worlds of Neil Gaiman (an anti-oedipal reading) /</marc:subfield>
			<marc:subfield code="c">Christine Wilkie-Stibbs</marc:subfield>
		</marc:datafield>
		<marc:datafield tag="336" ind1=" " ind2=" ">
			<marc:subfield code="a">text</marc:subfield>
			<marc:subfield code="b">txt</marc:subfield>
			<marc:subfield code="2">rdacontent</marc:subfield>
		</marc:datafield>
		<marc:datafield tag="337" ind1=" " ind2=" ">
			<marc:subfield code="a">unmediated</marc:subfield>
			<marc:subfield code="b">n</marc:subfield>
			<marc:subfield code="2">rdamedia</marc:subfield>
		</marc:datafield>
		<marc:datafield tag="338" ind1=" " ind2=" ">
			<marc:subfield code="a">volume</marc:subfield>
			<marc:subfield code="b">nc</marc:subfield>
			<marc:subfield code="2">rdacarrier</marc:subfield>
		</marc:datafield>
		<marc:datafield tag="600" ind1="1" ind2="4">
			<marc:subfield code="a">Gaiman, Neil</marc:subfield>
			<marc:subfield code="0">https://viaf.org/viaf/103859257</marc:subfield>
		</marc:datafield>
		<marc:datafield tag="650" ind1=" " ind2="7">
			<marc:subfield code="a">Psykoanalyse og litteratur</marc:subfield>
			<marc:subfield code="2">sbiao</marc:subfield>
		</marc:datafield>
		<marc:datafield tag="773" ind1="0" ind2=" ">
			<marc:subfield code="t">The Lion and the unicorn</marc:subfield>
			<marc:subfield code="x">ISSN 0147-2593</marc:subfield>
			<marc:subfield code="w">3496981</marc:subfield>
			<marc:subfield code="g">2013(37):1, s. [37]-53</marc:subfield>
		</marc:datafield>
	</marc:record>