
	<marc:record>
		<marc:leader>00821caa a22002297ar4500</marc:leader>
		<marc:controlfield tag="001">14135170</marc:controlfield>
		<marc:controlfield tag="003">LIBRIS</marc:controlfield>
		<marc:controlfield tag="005">20130429140613.0</marc:controlfield>
		<marc:controlfield tag="008">130429s2012    xxua          000 0 eng c</marc:controlfield>
		<marc:datafield tag="040" ind1=" " ind2=" ">
			<marc:subfield code="a">Sbi</marc:subfield>
		</marc:datafield>
		<marc:datafield tag="042" ind1=" " ind2=" ">
			<marc:subfield code="9">BULB</marc:subfield>
		</marc:datafield>
		<marc:datafield tag="100" ind1="1" ind2=" ">
			<marc:subfield code="a">Gaiman, Neil</marc:subfield>
			<marc:subfield code="4">aut</marc:subfield>
			<marc:subfield code="0">https://viaf.org/viaf/103859257</marc:subfield>
		</marc:datafield>
		<marc:datafield tag="245" ind1="1" ind2="0">
			<marc:subfield code="a">What the [very bad swearword] is a children's book anyway? /</marc:subfield>
			<marc:subfield code="c">by Neil Gaiman</marc:subfield>
		</marc:datafield>
		<marc:datafield tag="246" ind1="1" ind2="0">
			<marc:subfield code="a">What is a children's book anyway?</marc:subfield>
		</marc:datafield>
		<marc:datafield tag="336" ind1=" " ind2=" ">
			<marc:subfield code="a">text</marc:subfield>
			<marc:subfield code="b">txt</marc:subfield>
			<marc:subfield code="2">rdacontent</marc:subfield>
		</marc:datafield>
		<marc:datafield tag="337" ind1=" " ind2=" ">
			<marc:subfield code="a">unmediated</marc:subfield>
			<marc:subfield code="b">n</marc:subfield>
			<marc:subfield code="2">rdamedia</marc:subfield>
		</marc:datafield>
		<marc:datafield tag="338" ind1=" " ind2=" ">
			<marc:subfield code="a">volume</marc:subfield>
			<marc:subfield code="b">nc</marc:subfield>
			<marc:subfield code="2">rdacarrier</marc:subfield>
		</marc:datafield>
		<marc:datafield tag="500" ind1=" " ind2=" ">
			<marc:subfield code="a">Zena Sutherland lecture, delivered on May 4, 2012, at the Chicago Public Library</marc:subfield>
		</marc:datafield>
		<marc:datafield tag="600" ind1="1" ind2="4">
			<marc:subfield code="a">Gaiman, Neil</marc:subfield>
			<marc:subfield code="0">https://viaf.org/viaf/103859257</marc:subfield>
		</marc:datafield>
		<marc:datafield tag="650" ind1=" " ind2="7">
			<marc:subfield code="a">Barnelitteratur</marc:subfield>
			<marc:subfield code="2">sbiao</marc:subfield>
		</marc:datafield>
		<marc:datafield tag="650" ind1=" " ind2="7">
			<marc:subfield code="a">Litteraturestetikk</marc:subfield>
			<marc:subfield code="2">sbiao</marc:subfield>
		</marc:datafield>
		<marc:datafield tag="773" ind1="0" ind2=" ">
			<marc:subfield code="t">The Horn book magazine</marc:subfield>
			<marc:subfield code="x">ISSN 0018-5078</marc:subfield>
			<marc:subfield code="w">3413868</marc:subfield>
			<marc:subfield code="g">2012(88):6, s. 10-22</marc:subfield>
		</marc:datafield>
	</marc:record>