
	<marc:record>
		<marc:leader>01096caa a22002777a 4500</marc:leader>
		<marc:controlfield tag="001">13917673</marc:controlfield>
		<marc:controlfield tag="003">LIBRIS</marc:controlfield>
		<marc:controlfield tag="005">20150812105734.0</marc:controlfield>
		<marc:controlfield tag="008">130222s2011    xxk||||      |00| ||eng c</marc:controlfield>
		<marc:datafield tag="040" ind1=" " ind2=" ">
			<marc:subfield code="a">Sbi</marc:subfield>
		</marc:datafield>
		<marc:datafield tag="042" ind1=" " ind2=" ">
			<marc:subfield code="9">BULB</marc:subfield>
		</marc:datafield>
		<marc:datafield tag="100" ind1="1" ind2=" ">
			<marc:subfield code="a">Gray, William,</marc:subfield>
			<marc:subfield code="d">1952-</marc:subfield>
			<marc:subfield code="4">aut</marc:subfield>
			<marc:subfield code="0">http://isfdb.org/cgi-bin/ea.cgi?102461</marc:subfield>
		</marc:datafield>
		<marc:datafield tag="245" ind1="1" ind2="0">
			<marc:subfield code="a">Untrue to life? :</marc:subfield>
			<marc:subfield code="b">the theological use of caricature by MacDonald, Lewis, Pullman and Gaiman /</marc:subfield>
			<marc:subfield code="c">William Gray</marc:subfield>
		</marc:datafield>
		<marc:datafield tag="336" ind1=" " ind2=" ">
			<marc:subfield code="a">text</marc:subfield>
			<marc:subfield code="b">txt</marc:subfield>
			<marc:subfield code="2">rdacontent</marc:subfield>
		</marc:datafield>
		<marc:datafield tag="337" ind1=" " ind2=" ">
			<marc:subfield code="a">unmediated</marc:subfield>
			<marc:subfield code="b">n</marc:subfield>
			<marc:subfield code="2">rdamedia</marc:subfield>
		</marc:datafield>
		<marc:datafield tag="338" ind1=" " ind2=" ">
			<marc:subfield code="a">volume</marc:subfield>
			<marc:subfield code="b">nc</marc:subfield>
			<marc:subfield code="2">rdacarrier</marc:subfield>
		</marc:datafield>
		<marc:datafield tag="600" ind1="1" ind2="4">
			<marc:subfield code="a">MacDonald, George,</marc:subfield>
			<marc:subfield code="d">1824-1905</marc:subfield>
		</marc:datafield>
		<marc:datafield tag="600" ind1="1" ind2="4">
			<marc:subfield code="a">Pullman, Philip,</marc:subfield>
			<marc:subfield code="d">1946-</marc:subfield>
			<marc:subfield code="0">252579</marc:subfield>
		</marc:datafield>
		<marc:datafield tag="600" ind1="1" ind2="4">
			<marc:subfield code="a">Lewis, C. S.</marc:subfield>
			<marc:subfield code="q">(Clive Staples),</marc:subfield>
			<marc:subfield code="d">1898-1963</marc:subfield>
			<marc:subfield code="0">206537</marc:subfield>
		</marc:datafield>
		<marc:datafield tag="600" ind1="1" ind2="4">
			<marc:subfield code="a">Gaiman, Neil</marc:subfield>
			<marc:subfield code="0">https://viaf.org/viaf/103859257</marc:subfield>
		</marc:datafield>
		<marc:datafield tag="650" ind1=" " ind2="7">
			<marc:subfield code="a">Fantastisk litteratur</marc:subfield>
			<marc:subfield code="2">sbiao</marc:subfield>
		</marc:datafield>
		<marc:datafield tag="650" ind1=" " ind2="7">
			<marc:subfield code="a">Religion</marc:subfield>
			<marc:subfield code="2">sbiao</marc:subfield>
		</marc:datafield>
		<marc:datafield tag="650" ind1=" " ind2="0">
			<marc:subfield code="a">Storbritannia</marc:subfield>
			<marc:subfield code="x">Historie</marc:subfield>
		</marc:datafield>
		<marc:datafield tag="651" ind1=" " ind2="4">
			<marc:subfield code="a">Storbritannien</marc:subfield>
			<marc:subfield code="0">164342</marc:subfield>
		</marc:datafield>
		<marc:datafield tag="655" ind1=" " ind2="7">
			<marc:subfield code="a">Analyse og tolkning</marc:subfield>
			<marc:subfield code="2">saogf</marc:subfield>
			<marc:subfield code="0">353616</marc:subfield>
		</marc:datafield>
		<marc:datafield tag="773" ind1="0" ind2=" ">
			<marc:subfield code="a">Gray, William</marc:subfield>
			<marc:subfield code="t">Fantasy, art and life : essays on George MacDonald, Robert Louis Stevenson, and other fantasy writers</marc:subfield>
			<marc:subfield code="d">2011</marc:subfield>
			<marc:subfield code="z">9781443828994</marc:subfield>
			<marc:subfield code="w">12735041</marc:subfield>
			<marc:subfield code="g">S. [57]-70</marc:subfield>
		</marc:datafield>
	</marc:record>