
	<marc:record>
		<marc:leader>00997caa a22002417a 4500</marc:leader>
		<marc:controlfield tag="001">13429332</marc:controlfield>
		<marc:controlfield tag="003">LIBRIS</marc:controlfield>
		<marc:controlfield tag="005">20150812110138.0</marc:controlfield>
		<marc:controlfield tag="008">120524s2012    xxu||||      |001 ||eng c</marc:controlfield>
		<marc:datafield tag="040" ind1=" " ind2=" ">
			<marc:subfield code="a">Sbi</marc:subfield>
		</marc:datafield>
		<marc:datafield tag="042" ind1=" " ind2=" ">
			<marc:subfield code="9">BULB</marc:subfield>
		</marc:datafield>
		<marc:datafield tag="100" ind1="1" ind2=" ">
			<marc:subfield code="a">Blackford, Holly Virginia</marc:subfield>
			<marc:subfield code="4">aut</marc:subfield>
			<marc:subfield code="0">https://viaf.org/viaf/55984769</marc:subfield>
		</marc:datafield>
		<marc:datafield tag="245" ind1="1" ind2="0">
			<marc:subfield code="a">Divorce and other mothers :</marc:subfield>
			<marc:subfield code="b">Stephanie Meyer's 'Twilight' (2005) and Neil Gaiman's 'Coraline' (2002) /</marc:subfield>
			<marc:subfield code="c">Holly Virginia Blackford</marc:subfield>
		</marc:datafield>
		<marc:datafield tag="336" ind1=" " ind2=" ">
			<marc:subfield code="a">text</marc:subfield>
			<marc:subfield code="b">txt</marc:subfield>
			<marc:subfield code="2">rdacontent</marc:subfield>
		</marc:datafield>
		<marc:datafield tag="337" ind1=" " ind2=" ">
			<marc:subfield code="a">unmediated</marc:subfield>
			<marc:subfield code="b">n</marc:subfield>
			<marc:subfield code="2">rdamedia</marc:subfield>
		</marc:datafield>
		<marc:datafield tag="338" ind1=" " ind2=" ">
			<marc:subfield code="a">volume</marc:subfield>
			<marc:subfield code="b">nc</marc:subfield>
			<marc:subfield code="2">rdacarrier</marc:subfield>
		</marc:datafield>
		<marc:datafield tag="600" ind1="1" ind2="4">
			<marc:subfield code="a">Meyer, Stephenie,</marc:subfield>
			<marc:subfield code="d">1973-.</marc:subfield>
			<marc:subfield code="t">Twilight</marc:subfield>
		</marc:datafield>
		<marc:datafield tag="600" ind1="1" ind2="4">
			<marc:subfield code="a">Meyer, Stephenie,</marc:subfield>
			<marc:subfield code="d">1973-.</marc:subfield>
			<marc:subfield code="t">Om jag kunde drm̲ma</marc:subfield>
		</marc:datafield>
		<marc:datafield tag="600" ind1="1" ind2="4">
			<marc:subfield code="a">Gaiman, Neil.</marc:subfield>
			<marc:subfield code="t">Coraline</marc:subfield>
			<marc:subfield code="0">https://viaf.org/viaf/103859257</marc:subfield>
		</marc:datafield>
		<marc:datafield tag="650" ind1=" " ind2="7">
			<marc:subfield code="a">Myter og sagn i litteraturen</marc:subfield>
			<marc:subfield code="2">sbiao</marc:subfield>
		</marc:datafield>
		<marc:datafield tag="650" ind1=" " ind2="7">
			<marc:subfield code="a">Persefone (gresk gudinne) i litteraturen</marc:subfield>
			<marc:subfield code="2">sbiao</marc:subfield>
		</marc:datafield>
		<marc:datafield tag="650" ind1=" " ind2="7">
			<marc:subfield code="a">Jenter/kvinner i litteraturen</marc:subfield>
			<marc:subfield code="2">sbiao</marc:subfield>
		</marc:datafield>
		<marc:datafield tag="773" ind1="0" ind2=" ">
			<marc:subfield code="a">Blackford, Holly Virginia</marc:subfield>
			<marc:subfield code="t">The myth of Persephone in girl's fantasy literature</marc:subfield>
			<marc:subfield code="d">2012</marc:subfield>
			<marc:subfield code="z">9780415895415</marc:subfield>
			<marc:subfield code="w">12300657</marc:subfield>
			<marc:subfield code="g">S. 199-220</marc:subfield>
		</marc:datafield>
	</marc:record>