
	<marc:record>
		<marc:leader>00935caa a22002417a 4500</marc:leader>
		<marc:controlfield tag="001">12299346</marc:controlfield>
		<marc:controlfield tag="003">LIBRIS</marc:controlfield>
		<marc:controlfield tag="005">20150812105747.0</marc:controlfield>
		<marc:controlfield tag="008">110909s2010    xxu||||      |00| ||eng c</marc:controlfield>
		<marc:datafield tag="040" ind1=" " ind2=" ">
			<marc:subfield code="a">Sbi</marc:subfield>
		</marc:datafield>
		<marc:datafield tag="042" ind1=" " ind2=" ">
			<marc:subfield code="9">BULB</marc:subfield>
		</marc:datafield>
		<marc:datafield tag="100" ind1="1" ind2=" ">
			<marc:subfield code="a">Campbell, Lori M.</marc:subfield>
			<marc:subfield code="4">aut</marc:subfield>
			<marc:subfield code="0">http://isfdb.org/cgi-bin/ea.cgi?134833</marc:subfield>
		</marc:datafield>
		<marc:datafield tag="245" ind1="1" ind2="0">
			<marc:subfield code="a">Portals between then and now :</marc:subfield>
			<marc:subfield code="b">Susan Cooper, Alan Garner, Diana Wynne Jones, Neil Gaiman and Jonathan Stroud /</marc:subfield>
			<marc:subfield code="c">Lori M. Campbell</marc:subfield>
		</marc:datafield>
		<marc:datafield tag="336" ind1=" " ind2=" ">
			<marc:subfield code="a">text</marc:subfield>
			<marc:subfield code="b">txt</marc:subfield>
			<marc:subfield code="2">rdacontent</marc:subfield>
		</marc:datafield>
		<marc:datafield tag="337" ind1=" " ind2=" ">
			<marc:subfield code="a">unmediated</marc:subfield>
			<marc:subfield code="b">n</marc:subfield>
			<marc:subfield code="2">rdamedia</marc:subfield>
		</marc:datafield>
		<marc:datafield tag="338" ind1=" " ind2=" ">
			<marc:subfield code="a">volume</marc:subfield>
			<marc:subfield code="b">nc</marc:subfield>
			<marc:subfield code="2">rdacarrier</marc:subfield>
		</marc:datafield>
		<marc:datafield tag="600" ind1="1" ind2="4">
			<marc:subfield code="a">Cooper, Susan</marc:subfield>
			<marc:subfield code="0">182200</marc:subfield>
		</marc:datafield>
		<marc:datafield tag="600" ind1="1" ind2="4">
			<marc:subfield code="a">Garner, Alan,</marc:subfield>
			<marc:subfield code="d">1934-</marc:subfield>
			<marc:subfield code="0">187991</marc:subfield>
		</marc:datafield>
		<marc:datafield tag="600" ind1="1" ind2="4">
			<marc:subfield code="a">Jones, Diana Wynne</marc:subfield>
			<marc:subfield code="0">191897</marc:subfield>
		</marc:datafield>
		<marc:datafield tag="600" ind1="1" ind2="4">
			<marc:subfield code="a">Gaiman, Neil</marc:subfield>
			<marc:subfield code="0">https://viaf.org/viaf/103859257</marc:subfield>
		</marc:datafield>
		<marc:datafield tag="600" ind1="1" ind2="4">
			<marc:subfield code="a">Stroud, Jonathan,</marc:subfield>
			<marc:subfield code="d">1970-</marc:subfield>
		</marc:datafield>
		<marc:datafield tag="650" ind1=" " ind2="7">
			<marc:subfield code="a">Portaler i litteraturen</marc:subfield>
			<marc:subfield code="2">sbiao</marc:subfield>
		</marc:datafield>
		<marc:datafield tag="773" ind1="0" ind2=" ">
			<marc:subfield code="a">Campbell, Lori M.</marc:subfield>
			<marc:subfield code="t">Portals of power: magical agency and transformation in literary fantasy</marc:subfield>
			<marc:subfield code="d">2010</marc:subfield>
			<marc:subfield code="z">9780786446452</marc:subfield>
			<marc:subfield code="w">11908730</marc:subfield>
			<marc:subfield code="g">S. 183-202</marc:subfield>
		</marc:datafield>
	</marc:record>