
	<marc:record>
		<marc:leader>00845caa a22002177ar4500</marc:leader>
		<marc:controlfield tag="001">12296577</marc:controlfield>
		<marc:controlfield tag="003">LIBRIS</marc:controlfield>
		<marc:controlfield tag="005">20120220153123.0</marc:controlfield>
		<marc:controlfield tag="008">110905s2011    xxu||||      |00| ||eng c</marc:controlfield>
		<marc:datafield tag="040" ind1=" " ind2=" ">
			<marc:subfield code="a">Sbi</marc:subfield>
		</marc:datafield>
		<marc:datafield tag="042" ind1=" " ind2=" ">
			<marc:subfield code="9">BULB</marc:subfield>
		</marc:datafield>
		<marc:datafield tag="100" ind1="1" ind2=" ">
			<marc:subfield code="a">Robertson, Christine</marc:subfield>
			<marc:subfield code="4">aut</marc:subfield>
			<marc:subfield code="0">https://viaf.org/viaf/8524147270529835700006</marc:subfield>
		</marc:datafield>
		<marc:datafield tag="245" ind1="1" ind2="0">
			<marc:subfield code="a">"I want to be like you" :</marc:subfield>
			<marc:subfield code="b">riffs on Kipling in Neil Gaiman's 'The graveyard book' /</marc:subfield>
			<marc:subfield code="c">Christine Robertson</marc:subfield>
		</marc:datafield>
		<marc:datafield tag="336" ind1=" " ind2=" ">
			<marc:subfield code="a">text</marc:subfield>
			<marc:subfield code="b">txt</marc:subfield>
			<marc:subfield code="2">rdacontent</marc:subfield>
		</marc:datafield>
		<marc:datafield tag="337" ind1=" " ind2=" ">
			<marc:subfield code="a">unmediated</marc:subfield>
			<marc:subfield code="b">n</marc:subfield>
			<marc:subfield code="2">rdamedia</marc:subfield>
		</marc:datafield>
		<marc:datafield tag="338" ind1=" " ind2=" ">
			<marc:subfield code="a">volume</marc:subfield>
			<marc:subfield code="b">nc</marc:subfield>
			<marc:subfield code="2">rdacarrier</marc:subfield>
		</marc:datafield>
		<marc:datafield tag="600" ind1="1" ind2="4">
			<marc:subfield code="a">Gaiman, Neil.</marc:subfield>
			<marc:subfield code="t">The graveyard book</marc:subfield>
			<marc:subfield code="0">https://viaf.org/viaf/103859257</marc:subfield>
		</marc:datafield>
		<marc:datafield tag="600" ind1="1" ind2="4">
			<marc:subfield code="a">Gaiman, Neil.</marc:subfield>
			<marc:subfield code="t">Kyrkogr̄dsboken</marc:subfield>
			<marc:subfield code="0">https://viaf.org/viaf/103859257</marc:subfield>
		</marc:datafield>
		<marc:datafield tag="600" ind1="1" ind2="7">
			<marc:subfield code="a">Kipling, Rudyard,</marc:subfield>
			<marc:subfield code="d">1865-1936.</marc:subfield>
			<marc:subfield code="t">Djungelboken</marc:subfield>
			<marc:subfield code="x">influenser</marc:subfield>
			<marc:subfield code="2">sbiao</marc:subfield>
		</marc:datafield>
		<marc:datafield tag="650" ind1=" " ind2="7">
			<marc:subfield code="a">Intertekstualitet</marc:subfield>
			<marc:subfield code="2">sbiao</marc:subfield>
		</marc:datafield>
		<marc:datafield tag="773" ind1="0" ind2=" ">
			<marc:subfield code="t">Children's literature association quarterly</marc:subfield>
			<marc:subfield code="x">ISSN 0885-0429</marc:subfield>
			<marc:subfield code="w">3918212</marc:subfield>
			<marc:subfield code="g">2011(36):2, s. 164-189</marc:subfield>
		</marc:datafield>
	</marc:record>