
	<marc:record>
		<marc:leader>00688caa a22001934  4500</marc:leader>
		<marc:controlfield tag="001">168828693</marc:controlfield>
		<marc:controlfield tag="003">CHVBK</marc:controlfield>
		<marc:controlfield tag="005">20180918043357.0</marc:controlfield>
		<marc:controlfield tag="008">011026s2009    xxu           00    eng  </marc:controlfield>
		<marc:datafield tag="035" ind1=" " ind2=" ">
			<marc:subfield code="a">(NEBIS)005875181</marc:subfield>
		</marc:datafield>
		<marc:datafield tag="040" ind1=" " ind2=" ">
			<marc:subfield code="a">SzZuIDS NEBIS SIKJM</marc:subfield>
		</marc:datafield>
		<marc:datafield tag="245" ind1="0" ind2="0">
			<marc:subfield code="a">Neil Gaiman</marc:subfield>
			<marc:subfield code="c">by Elise Howard</marc:subfield>
		</marc:datafield>
		<marc:datafield tag="336" ind1=" " ind2=" ">
			<marc:subfield code="a">text</marc:subfield>
			<marc:subfield code="b">txt</marc:subfield>
			<marc:subfield code="2">rdacontent</marc:subfield>
		</marc:datafield>
		<marc:datafield tag="337" ind1=" " ind2=" ">
			<marc:subfield code="a">unmediated</marc:subfield>
			<marc:subfield code="b">n</marc:subfield>
			<marc:subfield code="2">rdamedia</marc:subfield>
		</marc:datafield>
		<marc:datafield tag="338" ind1=" " ind2=" ">
			<marc:subfield code="a">volume</marc:subfield>
			<marc:subfield code="b">nc</marc:subfield>
			<marc:subfield code="2">rdacarrier</marc:subfield>
		</marc:datafield>
		<marc:datafield tag="690" ind1=" " ind2="7">
			<marc:subfield code="B">u</marc:subfield>
			<marc:subfield code="a">England</marc:subfield>
			<marc:subfield code="x">Jugendliteratur</marc:subfield>
			<marc:subfield code="x">autor</marc:subfield>
			<marc:subfield code="x">20.Jh</marc:subfield>
			<marc:subfield code="2">nebis E4</marc:subfield>
		</marc:datafield>
		<marc:datafield tag="690" ind1=" " ind2="7">
			<marc:subfield code="B">u</marc:subfield>
			<marc:subfield code="a">Gaiman, Neil</marc:subfield>
			<marc:subfield code="d">1960-</marc:subfield>
			<marc:subfield code="2">nebis E5</marc:subfield>
		</marc:datafield>
		<marc:datafield tag="700" ind1="1" ind2=" ">
			<marc:subfield code="a">Howard, Elise</marc:subfield>
			<marc:subfield code="4">aut</marc:subfield>
			<marc:subfield code="0">https://viaf.org/viaf/86368008</marc:subfield>
		</marc:datafield>
		<marc:datafield tag="773" ind1=" " ind2="A">
			<marc:subfield code="t">The Horn Book Magazine</marc:subfield>
			<marc:subfield code="g">Vol. 85 No. 4(2009) July/August, S. 351-354</marc:subfield>
			<marc:subfield code="1">2009</marc:subfield>
			<marc:subfield code="2">85</marc:subfield>
			<marc:subfield code="w">(NEBIS)004027815</marc:subfield>
			<marc:subfield code="9">153789972</marc:subfield>
		</marc:datafield>
	</marc:record>