
	<marc:record>
		<marc:leader>01813cam a22003854  4500</marc:leader>
		<marc:controlfield tag="001">093028105</marc:controlfield>
		<marc:controlfield tag="003">CHVBK</marc:controlfield>
		<marc:controlfield tag="005">20180403032422.0</marc:controlfield>
		<marc:controlfield tag="008">070803s2007    xxu      6    00    eng|d</marc:controlfield>
		<marc:datafield tag="020" ind1=" " ind2=" ">
			<marc:subfield code="a">1-84576-353-X</marc:subfield>
			<marc:subfield code="q">pbk</marc:subfield>
		</marc:datafield>
		<marc:datafield tag="020" ind1=" " ind2=" ">
			<marc:subfield code="a">978-1-84576-353-4</marc:subfield>
			<marc:subfield code="q">pbk.</marc:subfield>
		</marc:datafield>
		<marc:datafield tag="035" ind1=" " ind2=" ">
			<marc:subfield code="a">(OCoLC)271863524</marc:subfield>
		</marc:datafield>
		<marc:datafield tag="035" ind1=" " ind2=" ">
			<marc:subfield code="a">(IDSBB)005311493</marc:subfield>
		</marc:datafield>
		<marc:datafield tag="035" ind1=" " ind2=" ">
			<marc:subfield code="a">(OCoLC)271863524</marc:subfield>
		</marc:datafield>
		<marc:datafield tag="040" ind1=" " ind2=" ">
			<marc:subfield code="a">AU@</marc:subfield>
			<marc:subfield code="d">SzZuIDS BS/BE B476</marc:subfield>
			<marc:subfield code="e">kids</marc:subfield>
		</marc:datafield>
		<marc:datafield tag="100" ind1="1" ind2=" ">
			<marc:subfield code="a">Gaiman, Neil</marc:subfield>
			<marc:subfield code="d">1960-</marc:subfield>
			<marc:subfield code="4">aut</marc:subfield>
			<marc:subfield code="0">https://viaf.org/viaf/103859257</marc:subfield>
		</marc:datafield>
		<marc:datafield tag="245" ind1="1" ind2="0">
			<marc:subfield code="a">Neil Gaiman's neverwhere</marc:subfield>
			<marc:subfield code="c">[Mike Carey, writer ; Glenn Fabry, artist]</marc:subfield>
		</marc:datafield>
		<marc:datafield tag="246" ind1="1" ind2=" ">
			<marc:subfield code="a">Neverwhere</marc:subfield>
		</marc:datafield>
		<marc:datafield tag="264" ind1=" " ind2="1">
			<marc:subfield code="a">New York</marc:subfield>
			<marc:subfield code="b">DC Comics</marc:subfield>
			<marc:subfield code="c">2007</marc:subfield>
		</marc:datafield>
		<marc:datafield tag="300" ind1=" " ind2=" ">
			<marc:subfield code="a">1 v. (unpaged)</marc:subfield>
			<marc:subfield code="b">Ill.</marc:subfield>
		</marc:datafield>
		<marc:datafield tag="336" ind1=" " ind2=" ">
			<marc:subfield code="a">text</marc:subfield>
			<marc:subfield code="b">txt</marc:subfield>
			<marc:subfield code="2">rdacontent</marc:subfield>
		</marc:datafield>
		<marc:datafield tag="337" ind1=" " ind2=" ">
			<marc:subfield code="a">unmediated</marc:subfield>
			<marc:subfield code="b">n</marc:subfield>
			<marc:subfield code="2">rdamedia</marc:subfield>
		</marc:datafield>
		<marc:datafield tag="338" ind1=" " ind2=" ">
			<marc:subfield code="a">volume</marc:subfield>
			<marc:subfield code="b">nc</marc:subfield>
			<marc:subfield code="2">rdacarrier</marc:subfield>
		</marc:datafield>
		<marc:datafield tag="380" ind1=" " ind2=" ">
			<marc:subfield code="a">Comic or graphic novel</marc:subfield>
		</marc:datafield>
		<marc:datafield tag="500" ind1=" " ind2=" ">
			<marc:subfield code="a">Based on the novel by Neil Gaiman</marc:subfield>
		</marc:datafield>
		<marc:datafield tag="500" ind1=" " ind2=" ">
			<marc:subfield code="a">"Originally published in single magazine form as: Neil Gaiman's neverwhere, 1-9"--T.p. verso</marc:subfield>
		</marc:datafield>
		<marc:datafield tag="520" ind1=" " ind2=" ">
			<marc:subfield code="a">There are two Londons. London Above is our 'normal' world, and London Below, deep underground, is where the Black Friars and the Hammer Smith live alongside the rat-speakers, and the Earl's Court forever travels the Circle line. Now, Richard Mayhew's normal life will disappear as he's plunged into London Below, thanks to a young streetkid called Door, herself on the run from a deadly plot. Can they survive? Not if Richard's nightmares about crossing Night's Bridge come true</marc:subfield>
		</marc:datafield>
		<marc:datafield tag="650" ind1=" " ind2="0">
			<marc:subfield code="a">Hjemløse personer</marc:subfield>
			<marc:subfield code="v">Fiction</marc:subfield>
		</marc:datafield>
		<marc:datafield tag="650" ind1=" " ind2="0">
			<marc:subfield code="a">T-banestasjoner</marc:subfield>
		</marc:datafield>
		<marc:datafield tag="651" ind1=" " ind2="0">
			<marc:subfield code="a">London (England)</marc:subfield>
			<marc:subfield code="v">Fiction</marc:subfield>
		</marc:datafield>
		<marc:datafield tag="655" ind1=" " ind2="7">
			<marc:subfield code="a">Fantastisk</marc:subfield>
			<marc:subfield code="2">gsafd</marc:subfield>
		</marc:datafield>
		<marc:datafield tag="655" ind1=" " ind2="7">
			<marc:subfield code="a">Grafisk roman</marc:subfield>
			<marc:subfield code="2">lcsh</marc:subfield>
		</marc:datafield>
		<marc:datafield tag="655" ind1=" " ind2="7">
			<marc:subfield code="a">Comic</marc:subfield>
			<marc:subfield code="2">gnd-content</marc:subfield>
		</marc:datafield>
		<marc:datafield tag="700" ind1="1" ind2=" ">
			<marc:subfield code="a">Carey, Mike</marc:subfield>
			<marc:subfield code="d">1959-</marc:subfield>
			<marc:subfield code="4">aut</marc:subfield>
			<marc:subfield code="0">https://viaf.org/viaf/69239485</marc:subfield>
		</marc:datafield>
		<marc:datafield tag="700" ind1="1" ind2=" ">
			<marc:subfield code="a">Fabry, Glenn</marc:subfield>
			<marc:subfield code="4">ill </marc:subfield>
			<marc:subfield code="0">https://viaf.org/viaf/61710673</marc:subfield>
		</marc:datafield>
	</marc:record>