
	<marc:record>
		<marc:leader>01611cam a22003854  4500</marc:leader>
		<marc:controlfield tag="001">52866025X</marc:controlfield>
		<marc:controlfield tag="003">CHVBK</marc:controlfield>
		<marc:controlfield tag="005">20180922033632.0</marc:controlfield>
		<marc:controlfield tag="008">180918s2018    gw ||||||6    00   |ger d</marc:controlfield>
		<marc:datafield tag="020" ind1=" " ind2=" ">
			<marc:subfield code="a">978-3-7416-0770-7</marc:subfield>
		</marc:datafield>
		<marc:datafield tag="035" ind1=" " ind2=" ">
			<marc:subfield code="a">(OCoLC)1057409950</marc:subfield>
		</marc:datafield>
		<marc:datafield tag="035" ind1=" " ind2=" ">
			<marc:subfield code="a">(SGBN)001435596</marc:subfield>
		</marc:datafield>
		<marc:datafield tag="040" ind1=" " ind2=" ">
			<marc:subfield code="a">SGBN SGFB</marc:subfield>
			<marc:subfield code="b">ger</marc:subfield>
			<marc:subfield code="e">rda</marc:subfield>
		</marc:datafield>
		<marc:datafield tag="041" ind1="1" ind2=" ">
			<marc:subfield code="a">ger</marc:subfield>
			<marc:subfield code="h">eng</marc:subfield>
		</marc:datafield>
		<marc:datafield tag="100" ind1="1" ind2=" ">
			<marc:subfield code="a">Carey, Mike</marc:subfield>
			<marc:subfield code="d">1959-</marc:subfield>
			<marc:subfield code="e">Verfasser</marc:subfield>
			<marc:subfield code="4">aut</marc:subfield>
			<marc:subfield code="0">https://viaf.org/viaf/69239485</marc:subfield>
		</marc:datafield>
		<marc:datafield tag="240" ind1="1" ind2="0">
			<marc:subfield code="a">Neil Gaiman's Neverwhere</marc:subfield>
			<marc:subfield code="0">https://viaf.org/viaf/309367236</marc:subfield>
		</marc:datafield>
		<marc:datafield tag="245" ind1="1" ind2="0">
			<marc:subfield code="a">Neil Gaiman's Niemandsland</marc:subfield>
			<marc:subfield code="c">autor: Mike Carey ; Zeichnungen: Glenn Fabry ; Farben: Tanya &amp; Richard Horie ; Übersetzung: Gerlinde Althoff ; nach dem gleichnamigen Roman von Neil Gaiman</marc:subfield>
		</marc:datafield>
		<marc:datafield tag="246" ind1="1" ind2="0">
			<marc:subfield code="a">Niemandsland</marc:subfield>
		</marc:datafield>
		<marc:datafield tag="264" ind1=" " ind2="1">
			<marc:subfield code="a">Stuttgart</marc:subfield>
			<marc:subfield code="b">Panini Comics</marc:subfield>
			<marc:subfield code="c">[2018]</marc:subfield>
		</marc:datafield>
		<marc:datafield tag="300" ind1=" " ind2=" ">
			<marc:subfield code="a">1 Band</marc:subfield>
		</marc:datafield>
		<marc:datafield tag="336" ind1=" " ind2=" ">
			<marc:subfield code="a">text</marc:subfield>
			<marc:subfield code="b">txt</marc:subfield>
			<marc:subfield code="2">rdacontent</marc:subfield>
		</marc:datafield>
		<marc:datafield tag="336" ind1=" " ind2=" ">
			<marc:subfield code="a">still image</marc:subfield>
			<marc:subfield code="b">sti</marc:subfield>
			<marc:subfield code="2">rdacontent</marc:subfield>
		</marc:datafield>
		<marc:datafield tag="337" ind1=" " ind2=" ">
			<marc:subfield code="a">unmediated</marc:subfield>
			<marc:subfield code="b">n</marc:subfield>
			<marc:subfield code="2">rdamedia</marc:subfield>
		</marc:datafield>
		<marc:datafield tag="338" ind1=" " ind2=" ">
			<marc:subfield code="a">volume</marc:subfield>
			<marc:subfield code="b">nc</marc:subfield>
			<marc:subfield code="2">rdacarrier</marc:subfield>
		</marc:datafield>
		<marc:datafield tag="380" ind1=" " ind2=" ">
			<marc:subfield code="a">Comic or graphic novel</marc:subfield>
		</marc:datafield>
		<marc:datafield tag="490" ind1="0" ind2=" ">
			<marc:subfield code="a">Vertigo</marc:subfield>
		</marc:datafield>
		<marc:datafield tag="500" ind1=" " ind2=" ">
			<marc:subfield code="a">Enthält die U.S.-Hefte "Neil Gaiman's Neverwhere" 1-9.</marc:subfield>
		</marc:datafield>
		<marc:datafield tag="655" ind1=" " ind2="7">
			<marc:subfield code="a">Analyse og tolkning</marc:subfield>
		</marc:datafield>
		<marc:datafield tag="655" ind1=" " ind2="7">
			<marc:subfield code="a">Comic</marc:subfield>
			<marc:subfield code="2">gnd-content</marc:subfield>
		</marc:datafield>
		<marc:datafield tag="690" ind1=" " ind2="7">
			<marc:subfield code="B">u</marc:subfield>
			<marc:subfield code="a">Comic</marc:subfield>
			<marc:subfield code="2">sgbn SN</marc:subfield>
		</marc:datafield>
		<marc:datafield tag="700" ind1="1" ind2=" ">
			<marc:subfield code="a">Horie, Richard</marc:subfield>
			<marc:subfield code="e">Colorist</marc:subfield>
			<marc:subfield code="4">clr</marc:subfield>
			<marc:subfield code="0">https://viaf.org/viaf/173794526</marc:subfield>
		</marc:datafield>
		<marc:datafield tag="700" ind1="1" ind2=" ">
			<marc:subfield code="a">Althoff, Gerlinde</marc:subfield>
			<marc:subfield code="d">1958-</marc:subfield>
			<marc:subfield code="e">Übersetzer</marc:subfield>
			<marc:subfield code="4">trl</marc:subfield>
			<marc:subfield code="0">https://viaf.org/viaf/35629636</marc:subfield>
		</marc:datafield>
		<marc:datafield tag="700" ind1="1" ind2=" ">
			<marc:subfield code="a">Horie, Tanya</marc:subfield>
			<marc:subfield code="e">Colorist</marc:subfield>
			<marc:subfield code="4">clr</marc:subfield>
			<marc:subfield code="0">https://viaf.org/viaf/91099438</marc:subfield>
		</marc:datafield>
		<marc:datafield tag="700" ind1="1" ind2=" ">
			<marc:subfield code="a">Fabry, Glenn</marc:subfield>
			<marc:subfield code="d">1961-</marc:subfield>
			<marc:subfield code="e">Künstler</marc:subfield>
			<marc:subfield code="4">art</marc:subfield>
			<marc:subfield code="0">https://viaf.org/viaf/61710673</marc:subfield>
		</marc:datafield>
		<marc:datafield tag="700" ind1="1" ind2=" ">
			<marc:subfield code="a">Gaiman, Neil</marc:subfield>
			<marc:subfield code="d">1960-</marc:subfield>
			<marc:subfield code="e">Geistiger Schöpfer</marc:subfield>
			<marc:subfield code="4">cre</marc:subfield>
			<marc:subfield code="0">https://viaf.org/viaf/103859257</marc:subfield>
		</marc:datafield>
	</marc:record>