
	<marc:record>
		<marc:leader>01183cam a22003494  4500</marc:leader>
		<marc:controlfield tag="001">293968748</marc:controlfield>
		<marc:controlfield tag="003">CHVBK</marc:controlfield>
		<marc:controlfield tag="005">20180407053817.0</marc:controlfield>
		<marc:controlfield tag="008">131020s2012    xxu           00    eng| </marc:controlfield>
		<marc:datafield tag="010" ind1=" " ind2=" ">
			<marc:subfield code="a">  2012010964</marc:subfield>
		</marc:datafield>
		<marc:datafield tag="016" ind1="7" ind2=" ">
			<marc:subfield code="a">016112659</marc:subfield>
			<marc:subfield code="2">Uk</marc:subfield>
		</marc:datafield>
		<marc:datafield tag="020" ind1=" " ind2=" ">
			<marc:subfield code="a">978-0-8126-9765-0</marc:subfield>
		</marc:datafield>
		<marc:datafield tag="035" ind1=" " ind2=" ">
			<marc:subfield code="a">(IDSBB)006016944</marc:subfield>
		</marc:datafield>
		<marc:datafield tag="035" ind1=" " ind2=" ">
			<marc:subfield code="a">(NEBIS)007186292</marc:subfield>
		</marc:datafield>
		<marc:datafield tag="035" ind1=" " ind2=" ">
			<marc:subfield code="a">(OCoLC)760977593</marc:subfield>
		</marc:datafield>
		<marc:datafield tag="040" ind1=" " ind2=" ">
			<marc:subfield code="a">DLC</marc:subfield>
			<marc:subfield code="d">SzZuIDS BS/BE A100</marc:subfield>
			<marc:subfield code="e">kids</marc:subfield>
		</marc:datafield>
		<marc:datafield tag="050" ind1=" " ind2=" ">
			<marc:subfield code="a">PR6057.A319</marc:subfield>
			<marc:subfield code="b">Z77 2012</marc:subfield>
		</marc:datafield>
		<marc:datafield tag="082" ind1="0" ind2=" ">
			<marc:subfield code="a">823/.914</marc:subfield>
			<marc:subfield code="2">23</marc:subfield>
		</marc:datafield>
		<marc:datafield tag="245" ind1="0" ind2="0">
			<marc:subfield code="a">Neil Gaiman and philosophy</marc:subfield>
			<marc:subfield code="b">gods gone wild!</marc:subfield>
			<marc:subfield code="c">ed. by Tracy L. Bealer ... [et al.]</marc:subfield>
		</marc:datafield>
		<marc:datafield tag="264" ind1=" " ind2="1">
			<marc:subfield code="a">Chicago</marc:subfield>
			<marc:subfield code="b">Open Court</marc:subfield>
			<marc:subfield code="c">2012</marc:subfield>
		</marc:datafield>
		<marc:datafield tag="300" ind1=" " ind2=" ">
			<marc:subfield code="a">195 p.</marc:subfield>
		</marc:datafield>
		<marc:datafield tag="336" ind1=" " ind2=" ">
			<marc:subfield code="a">text</marc:subfield>
			<marc:subfield code="b">txt</marc:subfield>
			<marc:subfield code="2">rdacontent</marc:subfield>
		</marc:datafield>
		<marc:datafield tag="337" ind1=" " ind2=" ">
			<marc:subfield code="a">unmediated</marc:subfield>
			<marc:subfield code="b">n</marc:subfield>
			<marc:subfield code="2">rdamedia</marc:subfield>
		</marc:datafield>
		<marc:datafield tag="338" ind1=" " ind2=" ">
			<marc:subfield code="a">volume</marc:subfield>
			<marc:subfield code="b">nc</marc:subfield>
			<marc:subfield code="2">rdacarrier</marc:subfield>
		</marc:datafield>
		<marc:datafield tag="490" ind1="0" ind2=" ">
			<marc:subfield code="a">Popular culture and philosophy</marc:subfield>
			<marc:subfield code="v">vol. 66</marc:subfield>
			<marc:subfield code="i">66</marc:subfield>
			<marc:subfield code="w">(IDSBB)003151478</marc:subfield>
			<marc:subfield code="9">26739330X</marc:subfield>
		</marc:datafield>
		<marc:datafield tag="504" ind1=" " ind2=" ">
			<marc:subfield code="a">Includes bibliographical references (p. 183-186) and index</marc:subfield>
		</marc:datafield>
		<marc:datafield tag="600" ind1="1" ind2="0">
			<marc:subfield code="a">Gaiman, Neil</marc:subfield>
			<marc:subfield code="x">Criticism and interpretation</marc:subfield>
		</marc:datafield>
		<marc:datafield tag="600" ind1="1" ind2="7">
			<marc:subfield code="a">Gaiman, Neil</marc:subfield>
			<marc:subfield code="d">1960-</marc:subfield>
			<marc:subfield code="0">(DE-588)120365820</marc:subfield>
			<marc:subfield code="2">gnd</marc:subfield>
		</marc:datafield>
		<marc:datafield tag="650" ind1=" " ind2="0">
			<marc:subfield code="a">Populær kultur</marc:subfield>
		</marc:datafield>
		<marc:datafield tag="655" ind1=" " ind2="7">
			<marc:subfield code="a">Filosofi</marc:subfield>
		</marc:datafield>
		<marc:datafield tag="655" ind1=" " ind2="7">
			<marc:subfield code="a">Artikkelsamling</marc:subfield>
			<marc:subfield code="2">gnd</marc:subfield>
		</marc:datafield>
		<marc:datafield tag="700" ind1="1" ind2=" ">
			<marc:subfield code="a">Bealer, Tracy Lyn</marc:subfield>
			<marc:subfield code="4">edt</marc:subfield>
			<marc:subfield code="0">https://viaf.org/viaf/41660217</marc:subfield>
		</marc:datafield>
	</marc:record>