
	<marc:record>
		<marc:leader>00798caa a22002294  4500</marc:leader>
		<marc:controlfield tag="001">162099517</marc:controlfield>
		<marc:controlfield tag="003">CHVBK</marc:controlfield>
		<marc:controlfield tag="005">20180731145431.0</marc:controlfield>
		<marc:controlfield tag="008">130702s2008    xxu           00    eng  </marc:controlfield>
		<marc:datafield tag="035" ind1=" " ind2=" ">
			<marc:subfield code="a">(OCoLC)851626076</marc:subfield>
		</marc:datafield>
		<marc:datafield tag="035" ind1=" " ind2=" ">
			<marc:subfield code="a">(NEBIS)009902257</marc:subfield>
		</marc:datafield>
		<marc:datafield tag="040" ind1=" " ind2=" ">
			<marc:subfield code="a">SzZuIDS NEBIS SIKJM</marc:subfield>
		</marc:datafield>
		<marc:datafield tag="245" ind1="0" ind2="0">
			<marc:subfield code="a">Between horror, humour, and hope</marc:subfield>
			<marc:subfield code="b">Neil Gaiman and the psychic work of the gothic</marc:subfield>
			<marc:subfield code="c">Karen Coats</marc:subfield>
		</marc:datafield>
		<marc:datafield tag="336" ind1=" " ind2=" ">
			<marc:subfield code="a">text</marc:subfield>
			<marc:subfield code="b">txt</marc:subfield>
			<marc:subfield code="2">rdacontent</marc:subfield>
		</marc:datafield>
		<marc:datafield tag="337" ind1=" " ind2=" ">
			<marc:subfield code="a">unmediated</marc:subfield>
			<marc:subfield code="b">n</marc:subfield>
			<marc:subfield code="2">rdamedia</marc:subfield>
		</marc:datafield>
		<marc:datafield tag="338" ind1=" " ind2=" ">
			<marc:subfield code="a">volume</marc:subfield>
			<marc:subfield code="b">nc</marc:subfield>
			<marc:subfield code="2">rdacarrier</marc:subfield>
		</marc:datafield>
		<marc:datafield tag="600" ind1="1" ind2="7">
			<marc:subfield code="a">Gaiman, Neil</marc:subfield>
			<marc:subfield code="d">1960-</marc:subfield>
			<marc:subfield code="t">Coraline</marc:subfield>
			<marc:subfield code="0">(DE-588)7672937-0</marc:subfield>
			<marc:subfield code="2">gnd</marc:subfield>
		</marc:datafield>
		<marc:datafield tag="650" ind1=" " ind2="0">
			<marc:subfield code="a">Gotikk</marc:subfield>
		</marc:datafield>
		<marc:datafield tag="655" ind1=" " ind2="7">
			<marc:subfield code="a">Analyse og tolkning</marc:subfield>
		</marc:datafield>
		<marc:datafield tag="655" ind1=" " ind2="7">
			<marc:subfield code="a">Kritikk</marc:subfield>
		</marc:datafield>
		<marc:datafield tag="700" ind1="1" ind2=" ">
			<marc:subfield code="a">Coats, Karen</marc:subfield>
			<marc:subfield code="d">1963-</marc:subfield>
			<marc:subfield code="4">aut</marc:subfield>
			<marc:subfield code="0">https://viaf.org/viaf/24846535</marc:subfield>
		</marc:datafield>
		<marc:datafield tag="773" ind1=" " ind2="A">
			<marc:subfield code="t">The gothic in children's literature</marc:subfield>
			<marc:subfield code="g">S. 77-92</marc:subfield>
			<marc:subfield code="w">(NEBIS)005568387</marc:subfield>
			<marc:subfield code="9">284968145</marc:subfield>
		</marc:datafield>
	</marc:record>