
	<marc:record>
		<marc:leader>00783caa a22002054  4500</marc:leader>
		<marc:controlfield tag="001">332274438</marc:controlfield>
		<marc:controlfield tag="003">CHVBK</marc:controlfield>
		<marc:controlfield tag="005">20180913042129.0</marc:controlfield>
		<marc:controlfield tag="008">010112s2015    xxu           00    eng  </marc:controlfield>
		<marc:datafield tag="035" ind1=" " ind2=" ">
			<marc:subfield code="a">(NEBIS)010410772</marc:subfield>
		</marc:datafield>
		<marc:datafield tag="040" ind1=" " ind2=" ">
			<marc:subfield code="a">SzZuIDS NEBIS SIKJM</marc:subfield>
		</marc:datafield>
		<marc:datafield tag="245" ind1="0" ind2="0">
			<marc:subfield code="a">Psychoanalysis, "Gothic" children's literature, and the canonization of "Coraline"</marc:subfield>
			<marc:subfield code="c">Chloé Germaine Buckley</marc:subfield>
		</marc:datafield>
		<marc:datafield tag="336" ind1=" " ind2=" ">
			<marc:subfield code="a">text</marc:subfield>
			<marc:subfield code="b">txt</marc:subfield>
			<marc:subfield code="2">rdacontent</marc:subfield>
		</marc:datafield>
		<marc:datafield tag="337" ind1=" " ind2=" ">
			<marc:subfield code="a">unmediated</marc:subfield>
			<marc:subfield code="b">n</marc:subfield>
			<marc:subfield code="2">rdamedia</marc:subfield>
		</marc:datafield>
		<marc:datafield tag="338" ind1=" " ind2=" ">
			<marc:subfield code="a">volume</marc:subfield>
			<marc:subfield code="b">nc</marc:subfield>
			<marc:subfield code="2">rdacarrier</marc:subfield>
		</marc:datafield>
		<marc:datafield tag="600" ind1="1" ind2="7">
			<marc:subfield code="a">Gaiman, Neil</marc:subfield>
			<marc:subfield code="d">1960-</marc:subfield>
			<marc:subfield code="t">Coraline</marc:subfield>
			<marc:subfield code="0">(DE-588)7672937-0</marc:subfield>
			<marc:subfield code="2">gnd</marc:subfield>
		</marc:datafield>
		<marc:datafield tag="655" ind1=" " ind2="7">
			<marc:subfield code="a">Analyse og tolkning</marc:subfield>
		</marc:datafield>
		<marc:datafield tag="650" ind1=" " ind2="7">
			<marc:subfield code="a">Psykolgi i litteratur</marc:subfield>
		</marc:datafield>
		<marc:datafield tag="700" ind1="1" ind2=" ">
			<marc:subfield code="a">Buckley, Chloé Germaine</marc:subfield>
			<marc:subfield code="4">aut</marc:subfield>
		</marc:datafield>
		<marc:datafield tag="773" ind1=" " ind2="A">
			<marc:subfield code="t">Children's Literature Association Quarterly</marc:subfield>
			<marc:subfield code="g">Vol. 40(2015), no 1, S. 58-80</marc:subfield>
			<marc:subfield code="1">2015</marc:subfield>
			<marc:subfield code="2">40</marc:subfield>
			<marc:subfield code="w">(NEBIS)005167042</marc:subfield>
			<marc:subfield code="9">163092222</marc:subfield>
		</marc:datafield>
	</marc:record>