
	<marc:record>
		<marc:leader>00801caa a22002174  4500</marc:leader>
		<marc:controlfield tag="001">175068119</marc:controlfield>
		<marc:controlfield tag="003">CHVBK</marc:controlfield>
		<marc:controlfield tag="005">20190222043635.0</marc:controlfield>
		<marc:controlfield tag="008">010108s2010    gw            00    ger  </marc:controlfield>
		<marc:datafield tag="035" ind1=" " ind2=" ">
			<marc:subfield code="a">(OCoLC)731897352</marc:subfield>
		</marc:datafield>
		<marc:datafield tag="035" ind1=" " ind2=" ">
			<marc:subfield code="a">(NEBIS)006363365</marc:subfield>
		</marc:datafield>
		<marc:datafield tag="040" ind1=" " ind2=" ">
			<marc:subfield code="a">SzZuIDS NEBIS SIKJM</marc:subfield>
		</marc:datafield>
		<marc:datafield tag="245" ind1="0" ind2="0">
			<marc:subfield code="a">Gesteigerte Realität und Illusion in Henry Selicks Animationsfilm "Coraline"</marc:subfield>
			<marc:subfield code="c">Jens Meinrenken</marc:subfield>
		</marc:datafield>
		<marc:datafield tag="336" ind1=" " ind2=" ">
			<marc:subfield code="a">text</marc:subfield>
			<marc:subfield code="b">txt</marc:subfield>
			<marc:subfield code="2">rdacontent</marc:subfield>
		</marc:datafield>
		<marc:datafield tag="337" ind1=" " ind2=" ">
			<marc:subfield code="a">unmediated</marc:subfield>
			<marc:subfield code="b">n</marc:subfield>
			<marc:subfield code="2">rdamedia</marc:subfield>
		</marc:datafield>
		<marc:datafield tag="338" ind1=" " ind2=" ">
			<marc:subfield code="a">volume</marc:subfield>
			<marc:subfield code="b">nc</marc:subfield>
			<marc:subfield code="2">rdacarrier</marc:subfield>
		</marc:datafield>
		<marc:datafield tag="655" ind1=" " ind2="7">
			<marc:subfield code="a">Analyse og tolkning</marc:subfield>
		</marc:datafield>
		<marc:datafield tag="650" ind1=" " ind2="7">
			<marc:subfield code="a">Psykolgi i litteratur</marc:subfield>
		</marc:datafield>
		<marc:datafield tag="690" ind1=" " ind2="7">
			<marc:subfield code="B">u</marc:subfield>
			<marc:subfield code="a">Gaiman, Neil / Coraline</marc:subfield>
			<marc:subfield code="x">Verfilmung</marc:subfield>
			<marc:subfield code="2">nebis E4</marc:subfield>
		</marc:datafield>
		<marc:datafield tag="700" ind1="1" ind2=" ">
			<marc:subfield code="a">Meinrenken, Jens</marc:subfield>
			<marc:subfield code="4">aut</marc:subfield>
			<marc:subfield code="0">https://viaf.org/viaf/147332335</marc:subfield>
		</marc:datafield>
		<marc:datafield tag="773" ind1=" " ind2="A">
			<marc:subfield code="t">Kinder- und Jugendliteratur im Medienverbund</marc:subfield>
			<marc:subfield code="g">(2010), S. 90-100</marc:subfield>
			<marc:subfield code="w">(NEBIS)006197003</marc:subfield>
			<marc:subfield code="9">274167514</marc:subfield>
		</marc:datafield>
	</marc:record>