
	<marc:record>
		<marc:leader>00828cam a2200277   4500</marc:leader>
		<marc:controlfield tag="001">549534962</marc:controlfield>
		<marc:controlfield tag="003">CHVBK</marc:controlfield>
		<marc:controlfield tag="005">20190205071532.0</marc:controlfield>
		<marc:controlfield tag="008">181107s2018    fr            000 0 fre d</marc:controlfield>
		<marc:datafield tag="020" ind1=" " ind2=" ">
			<marc:subfield code="a">978-2-7535-7511-0</marc:subfield>
		</marc:datafield>
		<marc:datafield tag="035" ind1=" " ind2=" ">
			<marc:subfield code="a">(RERO)R008862828</marc:subfield>
		</marc:datafield>
		<marc:datafield tag="040" ind1=" " ind2=" ">
			<marc:subfield code="a">CH-MyRERO</marc:subfield>
			<marc:subfield code="d">CHVBK</marc:subfield>
		</marc:datafield>
		<marc:datafield tag="072" ind1=" " ind2="7">
			<marc:subfield code="a">s1an</marc:subfield>
			<marc:subfield code="2">rero</marc:subfield>
		</marc:datafield>
		<marc:datafield tag="100" ind1="1" ind2=" ">
			<marc:subfield code="a">Camus, Cyril</marc:subfield>
			<marc:subfield code="4">aut</marc:subfield>
		</marc:datafield>
		<marc:datafield tag="245" ind1="1" ind2="0">
			<marc:subfield code="a">Mythe et fabulation dans la fiction fantastique et merveilleuse de Neil Gaiman</marc:subfield>
			<marc:subfield code="c">Cyril Camus</marc:subfield>
		</marc:datafield>
		<marc:datafield tag="260" ind1=" " ind2=" ">
			<marc:subfield code="a">Rennes</marc:subfield>
			<marc:subfield code="b">Presses universitaires de Rennes</marc:subfield>
			<marc:subfield code="c">2018</marc:subfield>
		</marc:datafield>
		<marc:datafield tag="300" ind1=" " ind2=" ">
			<marc:subfield code="a">249 p.</marc:subfield>
			<marc:subfield code="b">ill.</marc:subfield>
		</marc:datafield>
		<marc:datafield tag="336" ind1=" " ind2=" ">
			<marc:subfield code="a">text</marc:subfield>
			<marc:subfield code="b">txt</marc:subfield>
			<marc:subfield code="2">rdacontent</marc:subfield>
		</marc:datafield>
		<marc:datafield tag="337" ind1=" " ind2=" ">
			<marc:subfield code="a">unmediated</marc:subfield>
			<marc:subfield code="b">n</marc:subfield>
			<marc:subfield code="2">rdamedia</marc:subfield>
		</marc:datafield>
		<marc:datafield tag="338" ind1=" " ind2=" ">
			<marc:subfield code="a">volume</marc:subfield>
			<marc:subfield code="b">nc</marc:subfield>
			<marc:subfield code="2">rdacarrier</marc:subfield>
		</marc:datafield>
		<marc:datafield tag="490" ind1="0" ind2=" ">
			<marc:subfield code="a">Univers anglophones</marc:subfield>
		</marc:datafield>
		<marc:datafield tag="600" ind1="1" ind2="7">
			<marc:subfield code="a">Gaiman, Neil</marc:subfield>
			<marc:subfield code="2">rero</marc:subfield>
		</marc:datafield>
		<marc:datafield tag="650" ind1=" " ind2="0">
			<marc:subfield code="a">Mytologi</marc:subfield>
		</marc:datafield>
		<marc:datafield tag="650" ind1=" " ind2="7">
			<marc:subfield code="a">Forfattere, Engelsk</marc:subfield>
			<marc:subfield code="2">rero</marc:subfield>
		</marc:datafield>
		<marc:datafield tag="655" ind1=" " ind2="7">
			<marc:subfield code="a">Analyse og tolkning</marc:subfield>
		</marc:datafield>
		<marc:datafield tag="655" ind1=" " ind2="7">
			<marc:subfield code="a">Fantastisk</marc:subfield>
		</marc:datafield>
	</marc:record>